3934 5192
559 551 651 622 auo
745 513 1351 620 TESTAMENTUM
1388 513 1629 626 Vitat-11

560 720 829 799 meramundano
842 715 934 807 fitia,
954 717 1057 816 juxta
1075 719 1365 810 conventionem,
1392 720 1483 795 inter
1495 717 1684 818 praefatnm
1697 717 1789 795 Re

566 819 845 896 verendiffimum
868 815 1072 916 episcopum
1099 817 1196 916 (piae
1220 817 1420 912 memoriae)
1445 839 1486 891 ac
1510 841 1586 905 me,
1614 818 1660 892 de
1682 841 1788 893 corr-

562 911 665 992 sensu
682 916 819 991 Decaui
842 915 881 990 dt
893 915 1047 1010 capituli
1064 911 1243 1008 praedittae
1259 911 1433 1006 ecclefiae,
1457 917 1494 986 in
1509 919 1786 1010 permutatione

571 1015 702 1087 aedium
730 1011 1126 1085 Teneramundanarum
1154 1010 1260 1106 (quae
1280 1013 1323 1084 ad
1348 1035 1403 1084 me
1429 1011 1578 1106 proprio
1594 1015 1671 1107 jure
1716 1033 1786 1086 er*

569 1112 776 1197 timuerunt)
802 1108 917 1180 mense
943 1106 1042 1199 Julio
1070 1129 1161 1179 anno
1189 1106 1367 1180 millesimo
1397 1105 1646 1204 quigentesrmo
1687 1125 1783 1184 exa·

568 1204 700 1301 gesimo
719 1226 815 1278 nono
841 1205 972 1275 initam.
1024 1201 1135 1276 Porro
1159 1225 1227 1297 pro
1251 1203 1480 1278 luminaribus
1505 1203 1682 1300 reliquisq.
1709 1227 1782 1278 ne·

562 1300 719 1376 cessariis
741 1303 909 1398 capellae,
935 1300 973 1374 &
991 1321 1032 1372 ut
1056 1301 1091 1371 in
1118 1300 1258 1372 decenti
1285 1300 1372 1376 statu
1392 1323 1432 1371 ea
1457 1297 1582 1374 suturis
1599 1305 1779 1398 tempori·

567 1398 637 1471 bus
661 1395 929 1478 conserventur,
953 1399 1034 1490 lego
1053 1397 1210 1470 membro
1235 1399 1298 1486 (ut
1312 1394 1467 1492 vocant)
1482 1397 1641 1470 obituum
1657 1399 1779 1471 eccle·-

566 1493 629 1566 siae
658 1493 772 1567 Sansti
791 1491 944 1563 Bavonis
966 1494 1052 1566 duas
1071 1511 1187 1588 partes
1217 1495 1320 1566 annui
1345 1495 1497 1568 redditus
1526 1495 1776 1567 irredimibiiia

571 1589 770 1664 octodecim
796 1588 1023 1661 hulsterorum
1050 1587 1193 1682 filiginit
1221 1589 1388 1664 mensurae
1412 1586 1676 1682 Gandavensrs,
1700 1607 1777 1687 per

560 1686 626 1760 'me
643 1709 663 1760 a
681 1689 795 1757 Licino
810 1707 874 1754 van
892 1689 1014 1757 merke
1037 1688 1249 1780 comparati,
1276 1709 1354 1782 quae
1371 1689 1407 1758 in
1425 1684 1521 1758 usum
1536 1688 1777 1782 praedictum,

569 1780 652 1856 etim
671 1805 765 1878 opus
789 1779 894 1854 fuerit
905 1831 918 1866 ,
945 1779 982 1852 δι
1006 1779 1193 1854 secuudum
1213 1785 1393 1856 consilium
1409 1781 1608 1856 futurorum
1625 1805 1774 1880 praepo-

570 1876 712 1952 sutorum
724 1929 737 1964 ,
767 1875 805 1948 δι
828 1877 990 1950 canonici
1018 1876 1075 1952 seu
1100 1878 1239 1952 alterius
1269 1878 1380 1952 missar
1404 1879 1672 1954 hebdomadares
1697 1903 1774 1976 pro

570 1995 734 2072 tempore
753 1973 984 2058 celebrantis,
1010 1973 1103 2046 bona
1120 1973 1188 2048 fide
1204 1975 1461 2071 impendentur.
1512 1973 1673 2064 Quarum
1692 1978 1775 2074 qui·

522 2130 525 2134 .
570 2073 652 2146 dem
669 2067 961 2166 expensarum&
983 2073 1239 2165 reparationum
1257 2070 1398 2144 ratio&
1422 2066 1608 2168 computut
1627 2095 1692 2169 per
1712 2097 1774 2146 re·

567 2188 749 2264 ceptorem
773 2166 919 2237 membri
946 2165 1108 2239 obituum
1133 2169 1279 2264 capituli
1298 2167 1400 2241 reddi
1422 2169 1584 2250 debebit,
1610 2169 1772 2263 voloque

569 2283 610 2338 ut
625 2266 707 2338 inde
727 2280 889 2356 receptor
909 2259 1071 2358 praedicti
1098 2265 1246 2336 membri
1265 2265 1428 2337 obituum
1446 2265 1596 2336 adinstar
1619 2267 1772 2337 aliarum

569 2359 816 2435 fundationum
841 2356 1044 2430 vicesimum
1070 2359 1249 2432 denarium
1267 2363 1451 2456 percipiat.
1502 2361 1625 2432 Tertia
1643 2383 1771 2434 autem
1827 2448 1832 2460 Ι

567 2455 730 2554 praeneu
752 2451 909 2532 reddittis
933 2475 1014 2548 pare
1038 2457 1253 2550 pauperibus
1279 2452 1566 2530 Gandavensrbus
1588 2455 1773 2530 distribue—

568 2571 627 2627 tur
650 2556 688 2625 in
740 2550 885 2634 astibus,
915 2552 951 2621 in
978 2551 1036 2622 die
1060 2551 1285 2625 ¹anniversarii
1307 2555 1377 2626 mei
1400 2551 1498 2648 juxta
1523 2549 1770 2626 discretionem

523 2667 529 2678 ·
567 2671 695 2747 praepo
724 2650 750 2720 ti
768 2648 806 2720 dt
825 2644 1085 2742 elemosynari't
1103 2649 1219 2721 Sansti
1240 2649 1404 2722 Bavonis.

622 2743 721 2816 VIII.
747 2743 796 2813 Et
806 2743 976 2837 quoniam
996 2743 1092 2836 apud
1114 2747 1245 2840 regiam
1263 2743 1471 2843 majestatem
1490 2762 1531 2819 ac
1548 2743 1662 2820 sedem
1677 2759 1769 2842 'apo-

570 2839 723 2914 stolicam
749 2840 960 2933 procuravi,
994 2859 1034 2910 ut
1050 2839 1288 2937 praepofiturae
1314 2845 1462 2939 digniter
1495 2845 1566 2932 (1)
1594 2845 1630 2916 in
1655 2845 1772 2916 eccle·

569 2935 618 3008 sia
646 2933 764 3008 Sandii
789 2934 968 3018 Bavonis,
995 2957 1065 3006 non
1082 2937 1240 3012 obstante
1267 2938 1500 3036 suppressione
1525 2959 1626 3011 antea
1649 2935 1770 3029 sacia,

465 3091 470 3096 .
568 3036 776 3106 retineretur
809 3049 1143 3126 perpetuareturque
1168 3083 1178 3118 ‚
1227 3035 1391 3132 affignatis
1426 3038 1538 3108 eidem
1567 3037 1604 3106 in
1645 3038 1770 3108 dotem

569 3127 704 3203 duabus
721 3127 917 3223 praebendis
939 3149 984 3198 ex
1002 3149 1152 3219 quatuor
1170 3150 1248 3223 quae
1267 3155 1332 3230 per
1350 3128 1556 3204 erectionem
1574 3129 1660 3203 Smi.
1679 3131 1769 3205 Dm.

568 3225 650 3299 Nn.
671 3225 765 3320 Pausi
787 3225 875 3294 tertii
888 3221 1082 3317 praepositis
1100 3224 1195 3298 suere
1216 3231 1412 3311 attributae,
1436 3230 1527 3300 ultra
1542 3249 1635 3312 eam,
1661 3249 1770 3324 quam

568 3325 622 3395 ati
637 3321 831 3396 canonicor
854 3339 955 3392 autea
972 3319 1123 3393 habebat
1134 3371 1145 3407 ,
1170 3323 1249 3396 vice
1274 3323 1372 3396 versa
1391 3345 1410 3396 a
1428 3323 1553 3398 suturis
1571 3321 1778 3420 prepositis·

570 3423 672 3494 enixe
686 3433 792 3514 peto,
813 3435 857 3488 ut
872 3434 943 3489 tam
958 3417 1135 3510 praedietae
1147 3422 1309 3513 capellae,
1328 3421 1430 3516 quarn
1446 3439 1660 3506 ceterorum,
1687 3441 1769 3514 quae

567 3518 604 3592 in
622 3515 688 3587 hac
702 3516 776 3588 vita
790 3534 848 3583 aut
861 3533 926 3605 per
946 3512 1016 3586 boc
1031 3511 1270 3587 testamentum
1286 3519 1322 3588 in
1340 3519 1524 3590 utilitatem
1539 3517 1580 3589 a'c
1602 3518 1770 3590 decorem

566 3607 745 3708 praediciae
764 3605 916 3681 ecclesrae
933 3607 970 3681 δι
990 3629 1057 3702 pro
1073 3609 1302 3684 anniversario
1321 3611 1493 3712 disposui,
1518 3613 1770 3686 memoreehu·

567 3713 624 3804 jus
640 3703 802 3780 beneficii
824 3723 943 3775 curam
968 3705 1252 3802 diligentiamque
1270 3710 1306 3780 in
1333 3712 1374 3781 iis
1399 3710 1643 3782 conservandis
1668 3711 1770 3781 adhi-

575 3805 656 3876 bere
684 3823 757 3873 non
779 3816 979 3892 graventur.
1031 3803 1252 3877 Commendo
1283 3826 1397 3880 autem
1425 3808 1582 3902 capitulo
1615 3803 1771 3878 ecclesie

566 3895 685 3971 Sancti
707 3897 877 3976 ssavunis,
905 3911 950 3966 ‘ut
975 3894 1122 3971 fideliter
1147 3899 1307 3974 observet
1334 3925 1375 3976 ac
1403 3922 1595 3998 exequatur
1618 3921 1771 3974 concor·

569 3995 664 4067 diam
691 3992 864 4080 nostram,
892 3991 1093 4158 prasertim
1120 3995 1165 4067 de
1193 3999 1452 4094 comparatione
1480 4001 1607 4072 aedium
1630 4021 1697 4095 pro
1725 3999 1770 4073 iit

567 4091 686 4184 quiin
703 4089 870 4183 dignitate
907 4109 970 4160 unt
991 4091 1186 4176 constituti,
1211 4094 1416 4192 caeterisque
1434 4095 1589 4192 ejusdem
1612 4091 1769 4170 ecclesio

552 4187 768 4269 canonicis,
784 4186 853 4279 qui
870 4186 1034 4282 videlicet
1047 4189 1085 4258 vin
1102 4191 1355 4284 propinquiore
1370 4192 1523 4266 ecclefiae
1539 4195 1621 4264 loco
1638 4193 1771 4286 degen·
1876 4263 1877 4268 ,

567 4305 645 4366 tes,
670 4281 868 4355 familiarius
887 4283 978 4355 iute'r
999 4283 1032 4354 se
1056 4284 1277 4378 conversari,
1312 4287 1349 4364 δι
1368 4290 1497 4366 divinia
1522 4287 1648 4363 officiis
1670 4309 1768 4360 com·
1875 4361 1877 4370 ,

565 4379 703 4455 modius
720 4398 789 4454 una
807 4377 967 4456 interesse
982 4379 1116 4476 possint.

1566 4427 1804 4576 ix.Qu0·'
