3934 5192
338 495 543 646 mnne
570 493 769 592 moos.
797 493 1025 592 oncmr
1052 496 1326 593 onmnnn.
1385 526 1469 617 297

260 717 339 792 quo
374 691 534 767 redditus
565 692 738 775 direnditi
771 692 995 768 redimentur.
1046 690 1159 784 Quod
1191 693 1272 770 csun
1296 697 1470 786 nonsatis

261 793 382 865 Status
406 785 610 864 admissuros
635 785 832 862 Consiliarii
854 789 1077 885 objicerent,
1119 790 1157 864 ἃ
1182 794 1361 888 principio
1385 817 1472 868 con·

262 887 477 963 stituendum
501 881 602 972 esse,
632 886 814 980 quomodo
837 886 905 973 id,
936 887 981 959 ad
1007 885 1103 982 quod
1125 885 1221 982 ipsos
1246 892 1357 960 teneri
1380 912 1472 984 prae.
1585 931 1586 936 ,

262 984 448 1065 tendebat,
474 981 595 1055 exolvi
617 978 755 1074 posset,
787 981 863 1076 qud
884 1005 927 1056 eo
951 984 1099 1079 cognito
1121 982 1247 1056 deinde
1270 986 1469 1071 videretur,

263 1077 397 1174 siquae
420 1075 534 1172 media
565 1077 879 1171 relinquebantur,
910 1078 1005 1150 unde
1036 1103 1103 1174 pro
1128 1080 1289 1152 tollendis
1316 1082 1469 1176 antiquis

263 1172 543 1271 irnposrtionibus
567 1173 698 1268 aliquid
722 1173 845 1268 colligi
860 1170 963 1281 ‘posse
985 1173 1207 1269 speraretur:
1245 1175 1469 1266 Brabantsnis

262 1291 381 1346 autern
395 1267 555 1341 Statibus
566 1316 580 1352 ,
613 1269 676 1361 qui
705 1270 891 1364 vectigalia
917 1272 1082 1342 nonnulla
1105 1269 1363 1364 imposuerant,
1397 1297 1470 1368 quo
1620 1273 1621 1280 ’

190 1459 195 1467 Ι
262 1353 399 1537 quotae
417 1364 657 1451 exsolverent,
681 1386 741 1451 ea,
766 1383 806 1437 ut
830 1362 875 1437 ad
893 1365 1019 1439 Decimi
1043 1366 1180 1440 Denaris
1203 1370 1471 1464 perceptionem

300 1463 458 1536 ciliorem
474 1459 608 1532 aditum
631 1481 866 1554 praepararet,
891 1459 1025 1534 aboleri
1042 1463 1239 1550 mandavit,
1287 1485 1471 1560 uamquam
1557 1518 1562 1524 -
1707 1470 1712 1484 '

262 1553 538 1632 dissuadentibus
562 1555 768 1639 nonnullis,
797 1580 869 1652 quo
893 1555 1025 1631 scilicet
1046 1579 1169 1630 eorum
1191 1581 1254 1632 exa
1292 1561 1326 1634 ’o
1351 1582 1394 1632 eo
1419 1561 1471 1634 us·

264 1678 336 1750 que
360 1652 651 1737 continuaretur,
683 1651 799 1724 donee
827 1653 955 1724 Decimi
979 1653 1117 1725 Denaris
1139 1652 1267 1728 solutio
1289 1655 1471 1730 inchoare·

264 1771 352 1832 tur,
386 1746 426 1822 δι
448 1742 666 1844 progressum
686 1743 787 1819 suum
818 1747 991 1835 haberet,
1023 1743 1104 1820 ciem
1127 1749 1178 1821 eis
1199 1749 1305 1823 semel
1329 1749 1469 1827 abolitis

261 1845 420 1956 populus
441 1845 596 1940 gravitm
616 1840 759 1932 ferret,
791 1865 861 1932 ea,
895 1865 979 1917 cum
1013 1865 1106 1939 opus
1129 1841 1244 1934 esset,
1276 1846 1392 1921 rursus
1416 1871 1469 1923 re·

265 1957 402 2018 novari.
1307 1965 1311 1975 ·

314 2031 468 2112 XXVH.
496 2031 573 2113 Die
601 2032 727 2109 deinde
759 2056 816 2108 ao.
840 2033 999 2130 Aprilis,
1032 2034 1257 2133 presentibus
1280 2037 1366 2112 Dno
1389 2038 1468 2112 Fri·

266 2133 408 2217 derico,
443 2131 464 2171 *
487 2128 776 2226 Berlaymontio,
800 2129 1046 2222 Noircarmio,
1075 2132 1218 2205 Praefide
1242 2131 1396 2230 Viglio,
1428 2138 1465 2210 &

242 2225 502 2303 .'l’hesaurario
532 2224 705 2300 Schetzio
736 2227 808 2319 (1)
842 2227 1025 2322 proposuit
1055 2225 1144 2300 Dux
1175 2230 1213 2300 in
1245 2229 1465 2304 deliberatio·

266 2349 375 2406 nem,
408 2321 588 2416 quomodo
612 2322 778 2416 deinceps
798 2324 1001 2397 viveretur:
1037 2343 1200 2420 quotaene
1224 2327 1465 2401 continuaren-

266 2445 354 2506 tur,
387 2442 434 2493 an
456 2419 608 2491 Decimus
632 2419 795 2490 Denarim
815 2422 1013 2494 executioni
1037 2419 1289 2492 mandaretur?
1322 2421 1465 2515 Allega·

1490 2133 1507 2171 ⁸¹
1527 2131 1581 2192 Fis.

1489 2211 1580 2268 Derris

1489 2290 1598 2349 Asiani.

265 2538 412 2613 tumque
426 2511 517 2598 suit,
542 2509 791 2598 Brabantiuos,
816 2511 1030 2601 Hollaudos,
1055 2537 1165 2610 atque
1176 2518 1362 2590 nonnullos
1377 2519 1465 2592 alios
1583 2540 1586 2548 ’

265 2614 387 2688 Status
428 2607 597 2704 conqueri
634 2607 678 2682 de
712 2607 848 2682 excessis
881 2631 1077 2705 quotarum.
1133 2609 1311 2684 Adversus
1346 2595 1464 2686 adrem

263 2710 431 2786 Decimum
450 2707 623 2777 Denere‘um
639 2703 773 2778 obstare
796 2728 856 2790 ea,
882 2725 962 2801 quae
981 2709 1052 2801 jam
1077 2725 1177 2780 antea
1201 2695 1238 2778 in
1260 2707 1463 2804 principio,

232 2883 248 2902 Ι
265 2804 348 2880 cnm
374 2798 557 2875 consensus
581 2821 823 2896 expeteretur,
855 2803 892 2872 in
915 2801 1154 2887 contrarium,
1191 2801 1271 2876 ciem
1296 2827 1316 2875 a
1341 2801 1466 2876 Confi·

262 2901 399 2984 liariis,
435 2917 508 2968 tum
533 2919 553 2969 a
576 2895 732 2969 Statibus
753 2895 834 2994 ipsrs
858 2899 1006 2994 allegata
1031 2897 1139 2972 suere.
1188 2898 1245 2970 Ac
1271 2899 1350 2973 cirm
1372 2897 1463 2972 sorte

265 2993 550 3088 Berlayrnontius
581 2989 745 3076 dumet,
835 2995 955 3067 osdam
985 2995 1202 3088 praetendere
1226 2993 1259 3066 se
1284 3016 1355 3070 non
1380 3019 1463 3070 con·
1613 3039 1616 3044 Α

263 3089 420 3176 senisse,
444 3089 533 3162 alios
556 3089 697 3182 quidem
721 3110 789 3161 con
804 3087 921 3171 enfisl'e
945 3088 1004 3162 sed
1029 3086 1189 3174 condior,
1223 3091 1267 3160 ad
1291 3114 1331 3162 et
1353 3092 1464 3164 verba

263 3189 352 3262 Dux
374 3203 519 3280 repente
542 3184 747 3270 incanduit,
786 3184 943 3279 dixitque
966 3185 1129 3279 improbe
1153 3207 1214 3256 eos
1238 3185 1374 3273 facere,
1400 3187 1463 3280 qui

265 3281 467 3358 consensum
480 3280 668 3375 praeslitum
684 3281 721 3351 in
739 3277 883 3352 dubium
901 3297 1089 3364 vocarent,
1115 3277 1462 3374 objurgatoqueBer-

102 3386 106 3394 '
262 3380 456 3477 saymontio
473 3395 546 3448 non
565 3369 644 3447 stne
658 3375 801 3448 cholera
818 3371 1012 3468 respoudit:
1037 3374 1179 3447 omnino
1201 3373 1235 3446 se
1251 3373 1462 3450 constituisse

264 3480 437 3552 Decimum
467 3470 645 3544 Denarium
668 3473 792 3564 exequi
808 3523 828 3580 ⁹.
843 3491 1040 3565 quintaeque
1065 3469 1167 3541 nullo
1181 3471 1293 3542 modo
1306 3468 1463 3566 fibi-pla-

264 3594 376 3659 oete,
414 3567 597 3662 injungens
624 3561 889 3661 Thesauratro,
921 3585 961 3639 ut
983 3564 1145 3641 mandata
1173 3564 1357 3642 necessaria
1380 3589 1463 3642 con·
1552 3645 1557 3658 ‚

263 3665 378 3741 sessim
403 3665 562 3758 expediri
585 3681 734 3736 curaret.

264 3782 268 3790 ’
299 3759 482 3837 milvus.
508 3758 578 3834 Dic
601 3779 718 3832 autem
743 3780 800 3849 29.
833 3759 926 3835 Maii
947 3763 983 3833 in
1010 3757 1199 3846 Consilio,
1237 3755 1462 3856 praesentibus

265 3857 550 3954 Berlaymontio,
575 3849 887 3952 praesidentium,
913 3855 953 3930 de
969 3855 1203 3930 Thesaurario
1223 3857 1391 3930 Schetzio
1407 3854 1462 3928 su·

265 3953 445 4054 pra-didlis
461 4008 472 4042 ,
490 3949 678 4049 quaesivit,
713 3954 879 4048 quidnam
903 3951 977 4050 ipse
1001 3953 1187 4026 Schetzius
1210 3951 1313 4048 super
1336 3975 1462 4027 execu-

264 4055 362 4128 tione
385 4052 510 4126 Decimi
531 4050 668 4124 Denerii
681 4071 726 4133 ‚ac
749 4051 903 4145 Vigestmi
919 4046 1141 4142 concepisset
1191 4047 1257 4124 Ille
1272 4069 1387 4122 autem
1401 4051 1460 4122 ad·

264 4139 377 4243 risum
399 4144 504 4238 suumj
520 4168 564 4220 etr
586 4144 720 4238 scripto
743 4146 927 4230 recitavit,
951 4145 1097 4217 tendens
1117 4147 1235 4238 magis
1252 4145 1297 4218 ad
1320 4167 1462 4241 genera·

266 4245 314 4318 lia
331 4238 471 4326 media,
486 4243 615 4335 quibus
634 4262 754 4338 quotae
774 4239 1010 4323 solverentur,
1036 4239 1142 4336 quim
1157 4243 1201 4314 ad
1218 4244 1461 4318 executionem

238 4337 560 4424 ,ommonem
601 4335 730 4421 preses
752 4335 1044 4514 deindePViglius
1068 4357 1210 4436 rogatus
1232 4335 1459 4506 septengenti,

270 4450 289 4495 ι.
923 4455 951 4534 p
977 4457 998 4535 3
1376 4448 1466 4507 rsit:

229 4625 234 4632 ι

1730 2153 1737 2201 s
