3934 5192
544 573 623 660 180
713 549 1055 682 NOTAEAD
1094 501 1347 648 mutim
1373 547 1624 650 viuum

542 751 584 818 Et
607 750 637 832 si
664 749 729 814 inde
758 762 845 812 tanta
864 742 985 826 summa
1014 741 1112 823 confici
1134 762 1192 816 nun
1209 739 1318 826 pafflt,
1344 755 1379 804 ut
1400 739 1485 806 dil‘lae
1512 743 1684 812 donationes
1711 741 1758 810 δ’

520 833 638 917 ¹legata
653 830 787 918 persolvi
800 845 941 913 queunt,
981 826 1226 909 consentimus&
1248 828 1416 900 uolumus,
1447 842 1481 888 ut
1501 846 1541 889 ex
1563 835 1663 892 minus
1686 849 1757 891 tto-

535 917 609 1000 slrt's
628 915 777 979 mobilibus
799 915 832 980 ‘J
853 910 1020 991 uienfilibns
1041 905 1226 984 vendendis,
1255 908 1289 974 id
1310 926 1351 970 ex
1372 907 1531 973 redditibus
1550 929 1568 972 a
1589 911 1673 976 nabis
1692 931 1757 974 ar·
1842 904 1850 917 ‘
1885 925 1886 936 ³

542 1001 671 1084 quisitis,
697 999 731 1065 δ’
750 994 906 1078 dequibus
921 1013 979 1076 pet·
998 1013 1049 1056 nos
1068 995 1157 1055 aliter
1178 989 1347 1076 dqudtutn
1367 1011 1425 1053 nan
1438 991 1566 1077 suet-ie,
1593 995 1634 1076 su
1652 997 1753 1079 pseu.

544 1103 619 1162 tur,
649 1098 793 1165 quantum
809 1078 943 1163 sufficiat
966 1077 1000 1143 ul
1035 1081 1093 1140 atie
1106 1075 1150 1156 sit
1165 1093 1220 1158 pru
1242 1075 1447 1168 adimpletione
1467 1079 1555 1156 husus
1575 1097 1613 1140 no
1640 1085 1670 1141 ri
1699 1094 1755 1142 te·
1875 1109 1884 1130 .

537 1167 678 1250 slautenti
700 1167 733 1233 u’
754 1165 916 1243 ligneorum
931 1177 996 1243 prae
1017 1161 1149 1222 illorum.

589 1267 639 1329 17.
660 1249 844 1330 inquorum
864 1263 993 1307 otrentum
1024 1241 1058 1308 u’
1078 1239 1266 1323 fittgqutum
1295 1239 1408 1319 robur,
1431 1239 1525 1321 fidem
1555 1243 1591 1309 δ’
1612 1241 1753 1324 testimo,

545 1342 628 1398 ttiuut
648 1335 697 1395 bae
716 1329 845 1411 nuslrutn
865 1326 1064 1408 teslatnentuttt
1084 1343 1175 1387 munte
1196 1329 1321 1386 alterius
1341 1325 1435 1406 nosira
1446 1323 1529 1407 suffit
1546 1327 1751 1410 desempfflm,

468 1441 473 1446 .
546 1436 638 1480 aranu
658 1412 756 1494 ttaslra
770 1410 996 1497 substripfimur
1015 1408 1049 1475 &
1073 1407 1172 1488 sigillo
1192 1407 1288 1489 nostra
1308 1410 1571 1492 consignavimus,
1606 1428 1755 1492 rogam

1663 201 1672 210 .
1824 157 1878 542 p

546 1507 637 1564 etiam
658 1497 737 1578 tesles
755 1501 788 1558 in
807 1493 890 1576 dorso
912 1492 994 1573 islius
1007 1493 1115 1574 scripti
1134 1497 1321 1566 natuinotos,
1353 1507 1388 1558 ut
1405 1490 1449 1556 ad
1467 1497 1609 1571 maiorem
1634 1491 1767 1575 confir-'
1871 1527 1880 1573 .·

546 1591 706 1646 mationem
729 1579 762 1646 Εἴ
781 1575 1017 1661 adimpletionem
1037 1573 1106 1638 dttli
1129 1570 1218 1654 na‘slri
1238 1573 1419 1654 testamenti,
1446 1574 1543 1640 velint
1564 1575 1599 1638 de
1618 1577 1675 1641 bac
1697 1577 1753 1639 ul-

547 1671 622 1730 tima
641 1663 799 1729 uoluntate
824 1666 961 1723 notitiam
991 1655 1094 1720 babere
1122 1657 1155 1722 ei
1174 1655 1307 1738 fignare.
1349 1657 1458 1724 Attum
1486 1663 1521 1724 itt
1538 1659 1622 1723 domo
1645 1659 1751 1741 nostra

549 1747 703 1814 Abbatiali
723 1753 755 1809 in
774 1743 839 1810 Loo
870 1739 979 1821 Cbrtsli
1007 1759 1083 1814 anna
1108 1739 1236 1803 Domini
1258 1744 1350 1820 1560.
1370 1740 1416 1806 die
1435 1759 1509 1806 uero
1528 1759 1641 1826 quarta
1661 1765 1751 1808 rnen·

542 1830 589 1915 fit
610 1828 755 1898 Oilobrit.
794 1825 846 1890 Ita
865 1823 1073 1910 subscription.
1114 1821 1165 1888 Ita
1190 1822 1238 1904 esi.
1266 1823 1367 1888 Lueut
1385 1823 1635 1910 Abbasindignus
1656 1825 1751 1895 Gan.

550 1913 661 2060 denpm
681 1930 773 2018 manu
790 1918 925 1993 propria.
1608 1971 1612 1982 .

551 2081 571 2145 t
620 1986 1322 2143 ”lulubidinis-“lulli
1352 1991 1751 2142 lli-{tbl‘ll'ssbz

551 2078 664 2228 Igjrcike
686 2129 846 2243 Collegiale
866 2175 933 2224 van
954 2155 1034 2220 unte
1053 2152 1147 2238 Baess
1166 2121 1269 2218 bittunt
1291 2155 1414 2235 Gaude,
1443 2157 1488 2221 dit
1507 2097 1750 2240 regeneremur

552 2246 670 2329 Quayer
685 2245 819 2328 gelevert
836 2251 868 2306 in
894 2240 1008 2304 handen
1027 2255 1094 2303 van
1114 2237 1148 2300 de
1167 2237 1406 2323 ondergestbteve
1421 2241 1578 2326 persoanen
1589 2243 1647 2326 syn
1665 2242 1754 2324 Offi-

551 2337 640 2406 tiert,
662 2328 730 2392 ende
751 2322 957 2403 wetboudert,
983 2319 1172 2387 verclurende
1192 2323 1216 2384 't
1227 2321 1314 2408 selue
1334 2339 1362 2386 te
1383 2321 1481 2408 wiesen
1494 2323 1551 2407 syn
1572 2326 1754 2407 tesiament,

502 2455 509 2464 -
552 2411 731 2494 tnuterslen
751 2408 887 2491 willeley
906 2407 970 2471 hem
1009 2403 1134 2468 eataetlit
1149 2403 1593 2490 endtgeurdanneertvolgende
1609 2411 1659 2473 des
1676 2429 1755 2476 etut-
1815 2455 1826 2462 -

553 2503 625 2561 torit
658 2492 759 2560 tende
770 2490 904 2576 satultyt
917 2488 961 2635 sy
1002 2506 1046 2586 er¹
1062 2486 1181 2590 Remu..
1197 2491 1332 2553 verleent
1353 2492 1387 2572 by
1407 2491 1492 2574 ausen
1510 2491 1751 2576 alderbyliebsieu

557 2578 624 2648 Vae
644 2597 676 2641 er
700 2575 755 2640 den
773 2573 880 2649 Puut,
936 2569 1017 2655 anas
1031 2590 1067 2632 en
1088 2571 1112 2633 't
1134 2587 1222 2642 wette
1241 2590 1309 2638 van
1327 2573 1430 2652 deen,
1463 2575 1532 2638 ende
1552 2575 1586 2658 by
1603 2595 1669 2640 eene
1689 2599 1754 2642 an-

498 2717 509 2726 .
554 2661 620 2726 dere
635 2661 697 2724 at‘le
720 2655 821 2742 danos
834 2657 881 2721 ult
900 2654 1001 2718 bedent
1020 2652 1086 2716 aacle
1105 2653 1329 2802 geexppdieert,
1349 2574 1464 2720 [reem
1477 2667 1580 2722 mentie
1596 2661 1754 2741 gemaeeke
1876 2701 1889 2720 .‹

553 2753 605 2821 it,
631 2741 750 2828 present
769 2743 816 2805 ult
833 2737 965 2804 oirtonde
985 2757 1020 2799 en
1044 2735 1173 2802 Wetltou

554 2827 632 2910 Jaas
650 2843 717 2892 itan
738 2819 879 2907 Hemityse
900 2821 1049 2886 Sebautete
1060 2865 1071 2896 ,
1091 2819 1169 2886 Mrt.
1191 2819 1285 2886 Fraus
1303 2841 1370 2888 van
1390 2822 1551 2900 Zevetute,
1579 2825 1651 2908 Jan
1669 2827 1755 2892 Sutt-

439 2917 446 2925 ”
555 2911 642 2987 ders,
692 2914 769 2970 uaris
787 2925 854 2973 van
874 2905 926 2967 der
945 2903 1039 2975 Piet,
1067 2899 1135 2966 ende
1155 2901 1301 2969 Pauwelt
1322 2924 1389 2971 van
1409 2905 1443 2970 de
1467 2905 1557 2974 Velde
1568 2909 1754 2992 schemen,

554 2991 626 3058 ende
673 3012 713 3054 an
733 3009 799 3056 van
822 2985 938 3068 Groelsi
959 2987 1118 3051 Secretarit
1139 3005 1206 3050 van
1219 2987 1253 3052 de
1267 2987 1474 3054 Heerlitlthede
1489 2991 1558 3054 ende
1576 2991 1757 3077 Viersrltae·

554 3097 587 3140 ro
606 3093 673 3140 uun
694 3073 774 3138 Sinte
793 3071 920 3156 uaefs,
953 3069 999 3132 die
1026 3075 1057 3130 in
1086 3066 1232 3150 kenniffen
1257 3069 1309 3134 det
1336 3073 1512 3137 waetheden
1539 3071 1601 3160 dese
1616 3077 1757 3162 presente

557 3157 673 3244 (t'syne
694 3154 874 3240 uerstutke)
903 3149 1125 3226 onderleelunt,
1154 3151 1221 3215 ende
1241 3153 1293 3218 auk
1333 3155 1432 3238 esegelt
1453 3158 1554 3220 hebben
1574 3175 1680 3223 metten
1698 3181 1758 3240 ge.

430 3256 434 3266 “
557 3262 673 3306 meenen
691 3241 787 3324 zegele
806 3257 873 3304 van
892 3235 946 3300 den
964 3234 1158 3316 vaurstlttnve
1178 3235 1263 3320 Sebep
1318 3259 1411 3302 omme
1431 3249 1477 3302 len
1501 3245 1584 3319 suere
1603 3262 1638 3306 eu
1659 3243 1760 3324 daghe

557 3329 606 3390 als
625 3325 729 3389 bauan.
773 3319 1001 3396 Ouderteeleertt,
1023 3317 1064 3384 L.
1085 3337 1152 3382 van
1173 3319 1276 3396 Lake,
1303 3319 1380 3402 Joas
1399 3341 1466 3388 van
1485 3321 1637 3408 Hetnbyse·
1648 3371 1659 3403 ,
1692 3325 1758 3390 Ze-

560 3424 693 3481 vetotte‚
715 3407 754 3488 J.
778 3403 919 3478 Saudert,
942 3402 980 3484 J.
1004 3401 1087 3476 Piet,
1107 3400 1145 3467 P.
1157 3420 1224 3468 van
1240 3403 1273 3466 de
1292 3403 1402 3480 Vuae,
1422 3426 1457 3468 en
1473 3404 1511 3486 J.
1531 3425 1598 3472 van
1616 3407 1758 3489 Groelsl,

559 3491 619 3557 elale
638 3505 696 3566 met
716 3488 877 3554 beurlieder
893 3485 1110 3579 gewumelyrlee
1129 3483 1330 3554 itandteeliene.
1372 3487 1631 3554 Getullationneert
1651 3498 1759 3574 segent

560 3611 625 3656 eene
645 3611 674 3654 ro
696 3595 720 3650 ie
740 3588 871 3650 annitenti
893 3604 926 3646 ue
946 3585 1028 3648 atedt.
1055 3583 1084 3666 J.
1114 3581 1244 3651 Ctiuc
1258 3603 1336 3656 Lus
1366 3586 1528 3652 Notarius.

637 3717 647 3734 .
680 3671 768 3737 erbis
798 3607 890 3732 haud
918 3667 1059 3730 nimium
1089 3667 1176 3748 aptis
1197 3667 1288 3732 Luta
1308 3669 1434 3734 Martiale
1450 3671 1559 3736 haeres
1580 3671 1759 3740 institutus

562 3757 612 3824 est
636 3755 779 3837 Vtglius,
814 3751 864 3816 uti
897 3765 993 3831 patet
1022 3763 1152 3814 attente
1181 3751 1374 3834 inspicienti
1402 3772 1436 3819 n.
1468 3769 1518 3831 13.
1547 3754 1762 3824 testamenti.

563 3841 651 3904 Haec
674 3835 840 3900 institutio
871 3833 1014 3897 haeredis
1044 3830 1247 3914 potilltmutn
1267 3835 1425 3900 inuititur
1447 3836 1581 3906 indulto
1603 3839 1760 3922 Aposto-

562 3924 655 3996 lico,
677 3919 769 4002 quod
791 3915 1096 3998 comprehenditur
1117 3916 1151 3978 iu
1171 3917 1268 3982 Bulla
1289 3918 1379 3980 Pauli
1399 3918 1464 3984 ΠΙ.
1485 3920 1667 3987 crestiouis
1681 3924 1759 3988 Ab·

562 4007 665 4071 batiae
687 4003 717 4069 S.
740 4003 877 4067 Buuonit
896 4001 932 4063 in
953 3999 1129 4064 ecclesiam
1152 3997 1396 4084 Collegiatam,
1418 4020 1518 4084 quam
1536 4004 1638 4080 vide,
1659 4005 1681 4069 st
1705 4008 1762 4073 lu-

564 4089 644 4163 bet,
677 4087 712 4149 in
742 4087 845 4150 Minui
870 4103 951 4166 apere
977 4081 1097 4164 diplom.
1120 4097 1190 4149 lam.
1220 4101 1249 4148 ο.
1268 4101 1301 4166 p.
1326 4103 1418 4164 1051.
1460 4085 1546 4150 Luca
1568 4087 1759 4169 defunst0,

564 4164 763 4252 Capitulum
798 4165 1022 4233 Gauiiavense
1058 4166 1165 4232 multa
1198 4169 1307 4232 movit
1338 4182 1459 4232 contra
1497 4169 1760 4252 testamentum,

563 4274 637 4336 quae
666 4251 775 4333 sopita
804 4251 944 4316 fuerunt
971 4269 1034 4333 per
1057 4247 1315 4316 conventiones
1344 4250 1426 4316 duas
1447 4251 1538 4317 iuter
1562 4253 1699 4336 Viglt'um
1721 4257 1762 4324 δε

565 4337 764 4419 Capitulum
798 4335 892 4399 aunis
928 4339 1007 4412 1563
1039 4331 1076 4398 δι
1106 4338 1197 4412 1565.
1226 4334 1339 4401 initas.
1388 4335 1458 4404 Sed
1486 4337 1562 4404 haec
1596 4338 1762 4421 prosequi

564 4423 711 4488 alienum
731 4417 769 4488 stt
792 4418 836 4486 ab
857 4415 1012 4484 instituto
1034 4412 1160 4483 nostro.
1575 4504 1589 4587 (
1624 4503 1637 4588 >
1659 4504 1684 4570 p

1598 4521 1615 4569 ο
1695 4523 1766 4572 os·

1211 2757 1242 2802 rs
1262 2737 1379 2806 Lieuen
1400 2760 1467 2806 van
1487 2739 1601 2806 Laetlee
1621 2743 1752 2818 Balliu‚
1867 2745 1873 2756 '
