3934 5192
409 509 478 577 ΑΒ
524 480 812 623 Arrun
861 447 1291 601 coronent.
1411 520 1458 589 ιι

249 676 304 755 eb
331 695 440 774 utqoe
474 670 863 770 nobiscunprofeiio,
896 671 1069 769 trigesima
1103 673 1270 751 Oiiobris
1295 680 1462 755 valedixi·

109 830 114 837 .
253 798 357 861 mus,
381 799 423 851 ac
448 775 581 847 deinde
603 796 666 869 per
689 774 855 845 liticinum
861 820 875 856 ,
902 771 1086 845 Tltdmtitm
1101 796 1143 847 ac
1165 773 1335 867 serviſsem
1354 781 1461 851 tertio

248 870 474 947 Novembris
483 873 548 949 ,die
564 872 687 944 eodem
705 890 797 942 anno
825 888 928 961 1531.
955 868 1101 941 Venetiae
1124 874 1371 963 pervenimus,
1396 898 1460 951 no·

248 990 374 1064 noque
386 970 442 1043 die
459 967 547 1043 'inde
564 966 705 1039 Paduam
723 962 970 1050 concessimus3
994 962 1057 1036 ubi
1072 983 1146 1038 turn
1162 966 1200 1036 iu
1215 964 1298 1058 Jure
1313 970 1460 1063 profites

245 1064 381 1139 bantur
400 1060 589 1156 franciscus
618 1063 745 1135 Curtius
769 1059 841 1157 (ό)
867 1061 1042 1133 Marianus
1066 1062 1293 1159 Sotimus-(7)
1320 1066 1457 1143 Marcus

248 1162 289 1235 de
306 1166 453 1238 Mantua
468 1158 484 1255 (
497 1164 517 1235 8
528 1157 550 1254 )’
561 1159 598 1233 &
614 1157 801 1254 Arregutius
815 1160 852 1228 dt
866 1161 1048 1251 Arrtgutit's
1064 1155 1141 1253 (9)
1156 1157 1342 1251 Peruſsnar,
1367 1166 1457 1237 mul.
1569 1216 1574 1221 .

250 1259 355 1354 tique
374 1258 430 1329 alii
446 1256 484 1327 in
501 1256 598 1329 omni
615 1277 743 1349 genere
762 1251 926 1355 dositinae
947 1254 1017 1327 viri
1029 1251 1137 1421 ¹quo)
1160 1254 1371 1349 prestantes.
1386 1257 1459 1331 *In-

250 1373 311 1429 ter
328 1353 571 1427 humaniorum
598 1370 684 1426 vero
703 1353 898 1423 litterarum
923 1347 1027 1423 Prole
1053 1373 1133 1423 ores
1158 1352 1289 1445 primas
1313 1376 1386 1427 tum
1406 1357 1457 1429 ibi

255 1450 411 1527 tenebat.
424 1450 585 1524 Maurus
625 1448 824 1519 Bonamicus,
849 1444 944 1555 (rt)
994 1445 1310 1528 Commendavetat
1340 1472 1457 1528 autern

253 1547 327 1620 Era
343 1566 413 1617 ntur
433 1545 653 1621 Rotetodamas
667 1543 810 1636 Viglittm
830 1543 955 1625 litteris
970 1538 1039 1615 suis
1052 1544 1176 1634 Joanrn'
1190 1544 1341 1637 Baptista
1358 1548 1458 1641 lgna-
1561 1591 1563 1598 ·

253 1646 300 1716 tio
315 1544 398 1737 (ta)
409 1640 551 1716 acPttro
567 1636 723 1731 Brindisi
733 1636 770 1733 3)
782 1636 900 1733 postea
913 1639 948 1709 in
971 1637 1209 1713 Cardinalium
1225 1642 1383 1715 ordinem
1398 1643 1460 1722 ad-
1493 1706 1500 1717 .

249 1732 365 1823 scito,
378 1736 453 1829 ¹qui
468 1734 575 1810 multi
600 1756 679 1807 eum
703 1734 946 1807 benevolentia
961 1732 1081 1828 postea
1095 1732 1173 1809 sunt
1190 1734 1375 1829 prosecuti.

305 1829 445 1910 XXII.
470 1830 563 1905 cun
587 1852 704 1905 autem
734 1847 960 1903 ecmannum
983 1829 1296 1925 consumpsrlietin
1308 1836 1460 1929 privatis

251 1929 483 2009 lestiouibus,
520 1926 767 2018 auditioneque
801 1928 1061 2020 praecipuorum
1088 1925 1314 2013 Dosiorum‚
1344 1931 1461 2025 publi,

162 2076 165 2081 -
251 2026 376 2120 eisque
393 2046 440 2095 ex
457 2020 747 2116 disputationibus
763 2018 978 2103 innotescere
998 2022 1174 2115 coepilset,
1199 2026 1236 2099 in
1252 2047 1347 2098 nova
1363 2050 1461 2103 creat·¹

252 2124 352 2195 tione
372 2116 566 2194 Doiiorum
579 2116 658 2212 ipse
677 2140 766 2212 pene
786 2118 916 2193 invitus
937 2119 981 2187 ad
997 2116 1371 2211 publicamleeiionem
1383 2124 1402 2216 (
1414 2123 1459 2216 r)

253 2218 490 2311 Institutionum
518 2211 712 2309 protraiius
741 2211 831 2300 suit,
864 2212 923 2285 ubi
942 2214 994 2293 illi
1016 2236 1095 2285 cum
1119 2214 1301 2287 ambitioso
1314 2236 1460 2310 autago·
1563 2260 1567 2266 ·

251 2312 342 2387 nista
358 2306 677 2407 Maltuingmto(a)
689 2307 821 2383 crebrae
839 2310 1119 2387 concertationes
1138 2310 1458 2409 disputationesque

249 2412 485 2504 juxtamorn
504 2409 577 2501 ejus
594 2405 793 2479 Academia
810 2402 920 2477 suere.
938 2404 1107 2497 ,Legebat
1122 2422 1241 2483 autem
1260 2422 1313 2491 tcfr
1325 2410 1365 2481 in
1377 2410 1460 2495 die,

252 2503 360 2577 semel
388 2524 466 2587 cum
495 2521 666 2597 apparatu
707 2500 773 2596 (ut
796 2499 944 2594 dicunt)
975 2501 1207 2596 diligentique
1233 2504 1458 2580 materiarum

254 2600 513 2696 explicatiouer
546 2598 670 2670 deinde
700 2620 780 2670 cum
806 2616 905 2670 textu
923 2594 1048 2690 glossas
1067 2618 1274 2692 percurrens
1296 2598 1460 2696 proposi·
1564 2629 1574 2646 ‘

140 2754 152 2773 .
251 2716 362 2791 toque
384 2696 565 2790 applicans
577 2720 589 2778 3
619 2716 661 2769 ae
690 2693 864 2788 postremo
884 2715 951 2788 pro
962 2692 1157 2787 junioribus
1170 2710 1304 2774 textum
1321 2695 1459 2773 tantiitn

253 2795 446 2888 explicans.
478 2790 571 2883 Quae
586 2810 701 2865 autem
724 2789 937 2884 diligentiori
960 2790 1074 2861 studio
1091 2792 1129 2863 in
1145 2790 1285 2865 Scholia
1308 2793 1460 2887 publicis

252 2889 406 2983 legerat,
431 2885 573 2959 domum
597 2884 754 2960 reversus
779 2904 957 2971 amiotare.
972 2879 1178 2974 cousuevit,
1199 2909 1242 2961 ac
1263 2884 1344 2961 erim
1359 2886 1461 2963 disci-

277 2986 347 3057 ulis
365 2981 570 3078 quibusdam
596 2978 875 3055 familiarioribus
902 2979 1256 3066 communicabam
1270 2985 1461 3057 editionem

250 3006 387 3153 iortati
399 3077 507 3165 suntr
531 3079 660 3171 quibus
674 3073 975 3172 ipsoobsequens,
1002 3078 1351 3172 aeromantiam
1369 3081 1459 3154 cele·
1542 3090 1552 3103 ⁸

255 3177 312 3249 bri
330 3196 349 3246 a
376 3176 425 3249 uti
443 3172 598 3267 Bofileam
622 3174 852 3269 typographo
870 3176 1105 3249 Commorim
1119 3178 1153 3245 in
1168 3171 1461 3272 dectmlnstt'trttit·

256 3294 332 3343 num
381 3272 489 3351 italos,
514 3294 604 3365 quos
620 3270 752 3343 Patauii
762 3266 875 3345 luerat
891 3268 1083 3364 professus,
1108 3270 1331 3347 excutiendos
1348 3267 1458 3345 dedit.

308 3358 472 3439 xxiii.
499 3364 592 3439 Duae
610 3382 725 3439 autem
748 3364 918 3437 notabiles
934 3367 1155 3439 conditiones
1177 3365 1228 3436 illi
1250 3364 1344 3460 apud
1357 3363 1460 3437 Pata·

255 3464 344 3533 oium
364 3462 480 3557 agenti
498 3461 625 3535 oblatae
640 3460 756 3535 suere:
779 3482 865 3545 uua,
886 3458 1084 3537 vicariatus
1102 3458 1280 3553 judicialis
1296 3460 1333 3531 in
1349 3483 1388 3533 re
1436 3482 1460 3533 o

256 3558 380 3652 Cypri,¹
400 3559 567 3653 adquam
587 3571 666 3631 eum
684 3556 979 3651 nobilis'quidam
996 3554 1207 3653 Vite-regis
1233 3553 1353 3651 Cypri(
1365 3580 1378 3628 r
1420 3555 1461 3629 fi·

253 3654 344 3739 lius,
378 3648 484 3749 ipsius
510 3656 647 3729 auditor
669 3649 883 3748 sectatorque
904 3654 1112 3738 continuus,
1145 3651 1263 3725 multis
1292 3652 1460 3748 pronius

208 3754 210 3757 ’
253 3748 488 3845 precibusque
509 3752 690 3831 invitavit
715 3770 756 3821 ac
772 3748 874 3843 quod.
890 3750 927 3821 in
953 3772 994 3823 ea
1012 3748 1128 3823 Insula
1147 3746 1289 3821 Gallico
1317 3748 1460 3843 jurent

282 3843 445 3919 lurimitm
468 3844 585 3921 adhuc
611 3845 821 3933 utebantur,
851 3846 959 3939 magis
990 3869 1070 3918 eum
1088 3848 1262 3919 idoneum
1281 3841 1360 3917 fore
1382 3863 1461 3940 pere
1522 3863 1524 3866 ·

253 3868 387 4018 iussum
404 3941 565 4015 habebat.
614 3940 687 4013 Sed
703 3941 949 4015 deliberatione
967 3964 1047 4015 eum
1071 3942 1118 4015 D.
1134 3941 1269 4014 Antonia
1288 3939 1309 3979 ¹*
1329 3939 1460 4014 Faucia·
1488 3947 1599 4026 *Fug-

207 4084 212 4095 ·
255 4062 290 4111 ro
307 4038 425 4135 initi„
441 4039 493 4110 illi
510 4060 551 4110 ea
569 4036 727 4111 conditio
743 4058 815 4111 non
832 4034 913 4111 satis
928 4036 1160 4133 probabatur,
1176 4034 1276 4132 quod
1293 4034 1377 4110 inde
1394 4034 1461 4111 dii·
1485 4042 1566 4103 μιν·

257 4133 362 4208 ficilis
375 4134 626 4208 concederetur
644 4134 678 4207 in
699 4128 846 4227 pieriam
863 4132 1010 4207 reditus.
1285 4166 1292 4177 ·
1349 4182 1352 4189 -
1565 4204 1569 4220 ,

306 4228 466 4307 XXlV.
487 4228 841 4309 Arreratuteuuon
861 4232 971 4397 palpld
1004 4225 1236 4326 splendidior:
1266 4225 1349 4307 cltm
1366 4229 1464 4399 {nim

950 4344 971 4397 a
1050 4330 1058 4347 '
1395 4345 1464 4398 tnt-
