3934 5192
544 532 628 622 116
707 526 937 623 norm
970 548 1047 619 An
1081 524 1332 661 urrant
1368 522 1618 625 vintru

543 723 831 805 fultationemque
851 719 1010 788 adscitus.
1051 718 1158 804 Quod
1168 716 1285 803 'ipsum
1309 716 1353 787 de
1380 714 1510 784 Claudio
1529 733 1669 801 quoque
1683 735 1750 807 ar·

593 826 652 873 ere
670 806 775 882 libet,
796 804 856 888 qui
869 807 906 873 dt
922 804 993 889 ipse'
1013 803 1118 870 Caroli
1140 795 1298 879 Caesaris,
1319 821 1339 868 a
1357 821 1425 885 quo
1440 800 1650 881 Egmoridunus
1668 804 1748 887 epi-

544 826 725 974 fcuopatum
746 892 951 971 acceperat,
980 888 1198 955 Confiliarius
1222 886 1314 954 esset.
1356 886 1558 968 Utcumque
1582 884 1616 950 se
1640 884 1747 957 causa

544 974 674 1041 habeat
688 973 782 1056 quod
799 974 881 1038 huic
902 971 935 1039 se
957 974 1009 1037 rei
1030 970 1323 1053 interposuerint,
1352 984 1488 1035 certum
1515 967 1563 1033 est
1584 968 1747 1053 interpo-

546 1056 652 1125 suisse.
693 1056 777 1123 Non
801 1056 943 1123 videtur
967 1054 1088 1137 Vrglius
1110 1054 1195 1121 serio
1220 1058 1381 1135 umquam
1405 1053 1556 1117 animum
1581 1050 1624 1118 ad
1651 1052 1746 1121 banc

547 1137 705 1226 adjecisse
722 1139 977 1206 conditionem:
1002 1152 1113 1203 tantas
1134 1136 1272 1204 Gerurdo
1292 1134 1509 1223 difficultates
1532 1152 1574 1199 ac
1597 1136 1746 1220 scrupu-

549 1228 601 1293 los
618 1224 762 1311 objecit.¹
798 1224 898 1289 Habe
915 1226 987 1309 ejus
1005 1222 1200 1305 responsum
1215 1220 1309 1303 quod
1326 1221 1438 1285 varias
1457 1216 1662 1313 accuriosas
1670 1220 1751 1305 ejus

547 1311 631 1377 vitae
650 1305 922 1373 circumstantias
942 1306 1207 1389 conplectitur:
1238 1303 1346 1377 „Etsi
1370 1302 1526 1369 nonnssul
1546 1302 1690 1369 timeam
1707 1304 1750 1373 in

548 1391 715 1471 „eodem
738 1388 1031 1456 obeundo'officin
1053 1391 1087 1453 in
1113 1390 1219 1455 uietas
1236 1386 1455 1453 Hollurulorum
1479 1398 1613 1451 mentes
1629 1387 1744 1461 leves,-

547 1518 574 1553 ,‚
590 1494 658 1559 que
672 1474 712 1541 dt
737 1474 918 1552 credulas,
936 1492 977 1539 ac
992 1474 1062 1557 jam
1081 1408 1148 1539 illlis
1170 1471 1347 1538 erroribus
1362 1468 1502 1535 insessas
1517 1484 1641 1535 contra
1655 1489 1743 1554 quos

547 1598 574 1638 ‚,
591 1577 654 1623 nos
668 1558 726 1623 hic
750 1555 944 1641 (Monusserr'r'
965 1554 1179 1640 Weflpbuliae)
1202 1556 1330 1621 bellum
1352 1554 1524 1638 gerimus:
1553 1553 1626 1618 imo
1646 1554 1742 1621 unde

548 1684 574 1719 „
591 1643 659 1707 huc
677 1639 901 1726 Anabaptiftica
917 1640 1050 1705 haeresis
1073 1640 1166 1705 illata
1188 1638 1257 1705 est:
1287 1654 1439 1705 attamen
1463 1652 1523 1711 te,
1554 1654 1637 1703 cum
1658 1638 1744 1707 milii

548 1766 574 1803 „
590 1724 736 1802 suades,
767 1738 806 1790 ut
835 1723 986 1789 oblatam
1011 1724 1099 1789 hanc
1126 1721 1364 1789 conditionem
1392 1718 1594 1803 suscipiam,
1623 1724 1743 1791 animo

547 1809 707 1885 „omnia
727 1826 805 1890 quae
825 1808 968 1873 evenire
992 1804 1126 1891 possunt
1150 1804 1295 1879 sinistra,
1326 1802 1492 1887 reputasse
1515 1820 1585 1867 non
1606 1804 1745 1877 dubito.

548 1891 683 1967 „Male
702 1910 788 1957 vero
810 1891 897 1975 sugit
913 1891 1091 1973 Scyllam,
1122 1892 1179 1972 qui
1205 1888 1325 1955 incidit
1344 1889 1378 1970 in
1403 1884 1630 1970 Charybdim.
1674 1890 1745 1957 Sed

548 2014 574 2052 ‚‚
593 1975 735 2042 Caesaris
750 1993 852 2057 qnam
867 1990 990 2057 potens
1008 1972 1046 2037 sit
1057 1974 1240 2055 imperium
1254 1991 1323 2037 non
1337 1989 1391 2036 me
1408 1972 1513 2049 latet3
1536 1990 1744 2055 quamquam

548 2060 627 2134 „id
646 2057 810 2123 haetenus
832 2059 974 2140 impune
997 2056 1158 2125 videntur
1180 2056 1343 2121 Hollandi
1367 2052 1628 2137 contempsisse:
1660 2054 1746 2131 clun

471 2171 477 2176 ·
548 2184 575 2218 ,‚
592 2140 746 2225 quotidie
763 2160 804 2209 ea
817 2139 1027 2223 facitoquasr
1045 2157 1125 2205 cum
1142 2140 1289 2223 quodam
1305 2138 1524 2203 incremento
1533 2137 1743 2207 renascatur.

547 2267 574 2302 „
590 2225 721 2292 Verum
744 2240 932 2307 utcumque
961 2224 995 2291 se
1025 2242 1078 2289 res
1097 2224 1198 2290 habet
1209 2260 1226 2301 ,·
1252 2242 1317 2307 ego
1341 2237 1487 2305 patrone
1509 2221 1747 2297 colendissimo

547 2348 575 2384 „
592 2307 757 2375 ostensam
773 2307 810 2375 δι
824 2322 985 2391 paratam
998 2307 1081 2371 mihi
1095 2326 1158 2390 per
1177 2322 1212 2373 te
1228 2305 1465 2371 conditionem
1475 2350 1490 2380 ,.
1506 2306 1564 2371 vel
1579 2304 1661 2371 ideo
1680 2326 1745 2372 no·

549 2434 575 2468 „
592 2394 627 2458 lo
649 2392 826 2468 recusare,
848 2410 918 2474 quo
964 2412 1003 2456 ro
1029 2391 1081 2455 ius
1108 2389 1169 2456 tibi
1191 2388 1332 2475 degam,
1356 2386 1392 2455 dt
1413 2390 1447 2453 in
1469 2387 1611 2455 Caesaris
1630 2388 1744 2456 domi·

550 2517 575 2549 ,,
592 2477 669 2552 nio,
691 2494 732 2541 ac
752 2474 844 2539 unde
868 2493 916 2557 po
940 2493 986 2537 rm
1005 2409 1138 2557 sperare
1167 2472 1409 2555 aliquando-ad
1434 2472 1527 2545 aliud
1546 2490 1601 2537 me
1617 2490 1743 2541 munus

549 2598 576 2634 ,‚
593 2573 778 2625 evocatum
793 2557 845 2623 iri.
889 2554 1020 2623 Veriun
1040 2576 1109 2639 qno
1126 2575 1165 2621 ea
1186 2557 1268 2621 milri
1290 2556 1419 2623 certior
1438 2554 1477 2621 srt
1501 2556 1683 2635 conditio,
1706 2556 1743 2627 de
1861 2587 1865 2593 ·

551 2684 576 2717 „
593 2656 632 2706 ut
649 2642 693 2706 ob
714 2643 789 2706 baec
809 2642 913 2706 liceat
937 2640 1109 2705 honestius
1133 2638 1323 2707 discedere:
1345 2658 1414 2703 non
1456 2636 1745 2715 ossumomlrrere
1769 2702 1774 2726 ,

551 2726 675 2807 „quin
705 2739 739 2789 te
767 2724 971 2789 admoneam
983 2744 996 2798 ‚·
1025 2724 1183 2807 inprimis
1207 2723 1394 2791 referrent
1416 2658 1453 2791 ἐξ
1472 2724 1743 2806 tempuspraefi-

551 2849 575 2881 „
594 2808 708 2873 niatur
727 2810 815 2872 intra
839 2806 933 2893 quod
958 2806 1001 2872 ud
1023 2806 1108 2873 illud
1125 2824 1247 2873 munus
1266 2806 1620 2873 debeamaccedere:
1655 2808 1747 2873 item

550 2892 575 2966 ,‘‚
593 2894 731 2975 priusne
761 2891 948 2957 convenire
972 2890 1120 2957 debeam
1145 2890 1283 2958 Rmum..
1302 2887 1482 2955 Praesulem
1511 2888 1745 2975 Trajeelrnsem,

548 3017 575 3065 tt
593 2992 636 3040 an
665 2972 799 3055 Treiecto
821 2972 1088 3039 commissionem
1116 2972 1219 3039 officii
1237 2974 1281 3040 ad
1303 2991 1358 3039 me
1381 2972 1468 3038 velit
1486 2973 1644 3040 mittere:
1667 2987 1745 3039 tum

460 3059 464 3067 '
550 3098 576 3133 ,‚
593 3057 714 3141 quibus
737 3057 897 3123 'terminis
924 3057 1181 3140 temporibusve
1206 3056 1289 3123 anni
1317 3054 1478 3121 salarium.
1507 3070 1746 3140 percepturus

504 3191 508 3197 .
550 3138 728 3218 „s1m,&
752 3138 857 3207 unde.
896 3140 967 3205 Hic
989 3140 1033 3205 ad
1051 3152 1197 3222 quatuor
1220 3139 1429 3225 jejuniorum
1451 3152 1609 3225 tempora
1623 3156 1748 3223 quarta

551 3268 576 3301 „
593 3240 737 3308 quaeque
759 3222 868 3288 salarii
886 3224 1003 3306 portio
1025 3242 1069 3288 ex
1089 3223 1216 3307 sigillis,
1238 3223 1500 3299 emolumentis,
1528 3221 1565 3291 δι
1591 3222 1746 3309 Camere¹

551 3309 677 3386 „mihi
692 3306 916 3390 persolvitur.
951 3306 995 3371 Et
1016 3308 1176 3389 quoniam
1197 3306 1344 3381 Vicarii,
1365 3302 1598 3389 Officialisque
1615 3326 1760 3393 munus

552 3433 577 3467 ,‚
595 3392 690 3457 simul
709 3391 800 3463 milri
812 3390 913 3454 vultis
929 3390 1217 3456 committendum
1238 3408 1381 3465 curare,
1400 3388 1751 3459 animadvertendum

550 3515 580 3554 ‚,
593 3477 677 3550 erit,
696 3492 741 3538 an
757 3472 908 3539 ecclesiae
928 3471 1120 3555 Traiaelenfis
1141 3472 1264 3540 statuta
1289 3472 1396 3539 sinant
1416 3472 1563 3555 aliquem
1587 3474 1752 3543 vicaria,

426 3624 432 3627 ,
550 3598 576 3633 „
594 3572 632 3621 tu
647 3558 681 3620 in
697 3556 925 3639 spiritualibus
942 3554 1056 3640 fungi,
1077 3558 1135 3639 qui
1152 3576 1222 3621 non
1240 3557 1278 3621 lit
1298 3558 1332 3621 in
1347 3554 1447 3621 sacris
1463 3555 1639 3623 ordinibus
1656 3576 1749 3625 con-

550 3681 577 3715 „
593 3639 740 3706 stitutus.
760 3639 850 3705 Nam
864 3639 920 3703 hic
933 3638 1038 3704 debet
1049 3638 1246 3723 Presbyteri
1257 3640 1399 3725 gradum
1411 3638 1548 3707 habere.
1569 3640 1643 3725 Ego
1656 3660 1749 3723 vero

552 3764 577 3799 „
594 3724 646 3787 his
664 3722 893 3805 temporibus,
915 3722 953 3788 dt
968 3723 1165 3805 priusquam
1182 3724 1280 3789 aliter
1292 3724 1374 3789 mihi
1385 3720 1559 3806 provisum
1573 3722 1667 3791 litde
1683 3724 1749 3792 be·

550 3846 576 3882 ,‚
593 3804 740 3882 neficiis,
762 3804 870 3869 nolim
886 3801 989 3870 facile
1002 3806 1034 3869 ei
1045 3824 1101 3873 me
1119 3806 1232 3871 ordini
1249 3806 1418 3893 obligare,
1438 3807 1531 3873 unde
1547 3824 1620 3872 non
1637 3810 1751 3877 liceat

550 3929 576 3964 u
593 3888 767 3956 recedere.
796 3885 1032 3970 Quamobrem
1048 3888 1085 3953 id
1103 3904 1137 3955 te
1154 3888 1297 3971 pensare
1314 3890 1436 3957 velim:
1460 3909 1503 3957 ne
1518 3889 1540 3955 sr
1556 3902 1749 3977 utrumque

552 4015 577 4049 ,‚
594 3989 735 4047 munus,
756 3970 1097 4057 suscepero„postea
1118 3974 1181 4039 nel
1199 3972 1241 4039 ad
1268 3972 1502 4041 sacerdotium
1522 3991 1659 4069 cogar„
1686 3976 1754 4043 vel

441 4108 449 4121 .
551 4095 577 4133 „
595 4056 742 4123 alterum
757 4054 933 4139 deponere
950 4053 990 4121 stt
1009 4055 1141 4123 necesse
1162 4074 1243 4121 cum
1256 4056 1610 4125 salariidiminuttnne.
1653 4058 1750 4127 Haec

551 4179 578 4215 „
594 4138 682 4207 verd
712 4141 826 4205 omnia
840 4138 1007 4206 convenit
1055 4140 1200 4223 rincipio
1219 4140 1402 4238 diligenter
1423 4159 1574 4208 cauere:
1593 4154 1697 4227 atque
1706 4144 1752 4209 il-

551 4264 578 4299 „
595 4220 656 4289 lud
676 4222 832 4318 inprimis
848 4241 894 4289 ne
918 4158 1195 4319 decrchentibus
1219 4226 1302 4309 (uti
1321 4225 1359 4290 fit
1379 4223 1483 4293 hodie
1502 4224 1517 4306 )
1534 4225 1630 4373 ῆέἰϋί
1649 4226 1751 4311 Epis-

543 4307 725 4390 „copnlrs
743 4306 1008 4385 emolumento,
1030 4306 1138 4373 salarn
1152 4304 1234 4373 rnde
1253 4310 1321 4374 mei
1336 4308 1534 4375 constitutio
1581 4309 1751 4379 etrimen·

548 4426 583 4469 υ
594 4402 674 4459 turn
688 4389 871 4477 aliquando
885 4391 1056 4478 patiatur..
1091 4390 1129 4461 Si
1142 4388 1229 4459 vero
1246 4410 1324 4477 quae
1344 4391 1413 4459 buc
1426 4394 1606 4480 pertinent
1622 4392 1747 4461 cuneta

1632 4494 1694 4557 „a
1710 4490 1752 4545 te
