3934 5192
712 365 1460 460 PRAEFATl-O.

497 583 813 768 comparatum,
842 557 1282 677 amifiiie.(9)Atque
1303 558 1359 649 de
1386 559 1452 650 his
1464 567 1551 668 jam
1580 559 1703 671 satis}

519 707 621 768 uer
655 711 718 766 ue.

546 707 656 882 ΡΧΙῗ.
685 787 815 878 Nunc
832 791 977 904 accipe
993 787 1212 876 consilium
1234 786 1421 876 nostrum
1447 808 1576 903 atque
1605 819 1702 908 pro·

500 903 694 1022 positum.
753 901 982 992 Lediorem
1009 929 1182 1009 omnem
1203 929 1312 1016 rogo
1332 931 1572 990 memorem
1593 905 1702 1012 effe,

501 1049 583 1108 nos
603 1019 760 1116 Vitam
776 1015 973 1112 ann
984 1075 1000 1119 ‚
1026 1015 1190 1127 aliaque
1208 1012 1395 1104 analech
1413 1013 1468 1104 ad
1490 1015 1703 1107 historiam

500 1131 604 1222 sciffi
622 1131 753 1246 Belgii
774 1131 994 1222 attinentia
1017 1129 1167 1232 edere,
1196 1129 1370 1217 minime
1390 1129 1499 1221 vero
1518 1130 1702 1222 scribere

500 1247 714 1336 historiam
735 1243 965 1345 tumultum
995 1242 1179 1355 bellique
1201 1239 1371 1354 Belgici.
1427 1239 1555 1329 Hanc
1582 1245 1701 1333 ador·

502 1389 604 1448 nare
635 1361 706 1474 qui
735 1358 882 1462 volet,
911 1378 1053 1444 utatur
1084 1354 1163 1444 hac
1195 1355 1321 1460 Vua,
1347 1375 1476 1469 atque
1505 1356 1703 1450 adhibeat

503 1473 702 1568 V1GL11
735 1471 1079 1564 Commentarium
1112 1497 1252 1556 rerum
1275 1480 1455 1556 auarum
1479 1468 1611 1586 super
1633 1481 1704 1561 im⁴

500 1585 687 1704 postrione
708 1589 849 1674 decimi
866 1587 1022 1672 daumii
1034 1606 1113 1700 per
1131 1582 1302 1672 Ducem
1312 1581 1541 1688 Albanum,
1571 1613 1701 1699 quaem

503 1703 659 1817 pariter
706 1703 800 1788 rimi
819 1695 1055 1814 vulgamus,
1114 1695 1196 1784 His
1226 1723 1357 1812 porro
1381 1705 1529 1810 jungat
1546 1697 1703 1813 Episto-

504 1815 631 1902 lasau
689 1837 908 1932 opperum,
926 1809 1137 1924 ipsiusque
1148 1807 1219 1896 Ho
1263 1817 1703 1920 armamentarium,

504 1951 631 2042 atque
660 1927 829 2016 annales
857 1923 1032 2040 Joarmis
1075 1923 1203 2038 Bapti
1303 1922 1444 2038 Taffit',
1482 1923 1712 2024 habiturus

504 2041 618 2130 unde
662 2040 878 2142 Suadam,
914 2035 1147 2143 Haraeun,
1182 2034 1445 2139 Hammona,
1479 2035 1702 2144 Borrium,

504 2155 787 2260 Meter-anum,
815 2147 1454 2260 Meerbecanum‚Hoostium,&
1495 2177 1575 2239 uos
1585 2155 1705 2242 non?

505 2291 632 2384 atque
660 2271 702 2356 in
720 2269 868 2384 primia
885 2265 1091 2390 Joannem
1108 2261 1363 2378 Frartciscum
1393 2263 1431 2350 le
1504 2272 1601 2366 etit,
1629 2268 1704 2466 ini

506 2383 562 2472 de
580 2381 756 2474 Vromo
786 2379 896 2468 male
917 2384 959 2468 ἃ
984 2405 1073 2466 non
1091 2375 1166 2464 nist
1183 2407 1239 2468 cx
1258 2376 1362 2466 odio
1380 2378 1457 2470 vui
1488 2382 1496 2397 '
1525 2377 1705 2494 scripit,

505 2495 711 2609 corrigat,
740 2491 966 2598 emendet,
996 2489 1196 2605 expoliat.
1254 2487 1318 2580 Et
1346 2519 1429 2607 ego
1457 2406 1573 2580 iimo
1589 2491 1704 2581 labo·

505 2637 607 2807 ren}
636 2603 873 2724 aggreffuro
906 2631 1064 2720 precor
1097 2623 1289 2695 mentem
1314 2599 1455 2694 sanam
1481 2608 1524 2692 in
1555 2631 1708 2720 corpo·

504 2751 551 2828 re
563 2749 694 2924 xiii
710 2829 760 2922 In
779 2832 892 2921 notis
909 2829 1061 2919 nostris
1078 2829 1133 2920 ad
1153 2829 1296 2922 Vitam
1307 2830 1396 2920 baec
1416 2833 1527 2922 ratio
1540 2831 1705 2924 servata

508 2947 579 3039 est.
637 2945 1063 3044 RebusaVrorro
1095 2945 1294 3058 praeclare
1308 2945 1490 3058 gestis&
1511 2945 1651 3035 obiter
1678 2973 1706 3033 a

505 3063 549 3152 se
569 3059 937 3158 commemoratis,
966 3058 1130 3160 lucem,
1157 3079 1231 3146 aut
1249 3058 1302 3148 ab
1333 3060 1519 3146 Adriano
1543 3059 1707 3148 Gauda-

508 3205 583 3280 no,
614 3197 687 3264 aut
707 3173 760 3266 ab
778 3170 1060 3288 epistolissuis
1082 3174 1283 3284 petitam,
1311 3171 1564 3260 addidimus.
1593 3171 1707 3281 Quae

508 3319 594 3405 prae
614 3285 816 3378 modestia
830 3287 1051 3400 preteriit,
1081 3289 1125 3370 in
1142 3283 1331 3374 medium
1356 3287 1583 3374 attulimus.
1643 3282 1706 3376 Et
1798 3375 1802 3378 ,

507 3425 557 3492 ut
573 3401 762 3508 redium,
790 3399 1092 3514 excelsumque
1102 3459 1114 3505 ,
1126 3405 1170 3489 &¹
1185 3397 1353 3529 insuper
1370 3399 1707 3490 candidiffimum

362 3541 373 3562 ³
510 3517 592 3616 uiri
630 3517 819 3604 animum
856 3511 1075 3616 nosceres,
1114 3539 1353 3624 aperurmus
1383 3541 1466 3625 qua
1498 3517 1707 3613 mente&

512 3657 599 3744 quo
619 3625 790 3715 consilio
810 3623 917 3712 istud
932 3625 1037 3737 egit,
1066 3621 1178 3711 aliud
1198 3623 1364 3740 scripsrt.
1423 3625 1595 3714 Deinde
1610 3655 1705 3741 quae

511 3743 563 3832 ad
575 3740 800 3860 personam
817 3745 905 3862 ejus
922 3738 1125 3846 attinent,
1153 3764 1244 3826 non
1262 3739 1495 3828 censuimus
1506 3739 1707 3942 omittgn·

524 3891 528 3902 ·
1661 3884 1706 3945 a:

554 4068 621 4156 (9)
641 4067 693 4136 Ito
715 4067 840 4154 reflatur
864 4072 896 4131 in
914 4060 1007 4149 Epiii.
1029 4066 1072 4134 od
1097 4064 1241 4132 Caurum
1262 4063 1414 4148 Boisotum
1442 4081 1511 4134 torn.
1529 4083 1596 4149 ap
1629 4079 1706 4148 270.

513 4154 548 4224 ΕΞ
565 4161 696 4240 apertius
723 4154 935 4220 narratorem
953 4150 1150 4218 Hoxvitium
1176 4169 1255 4214 ortuo
1283 4169 1376 4236 1542.
1397 4150 1467 4214 uim
1489 4158 1521 4214 in
1543 4149 1706 4232 Consilium

513 4240 661 4310 Seuerum
683 4237 841 4310 Bruxtiit's
863 4245 1050 4322 reciperetur.
1073 4234 1155 4303 Tom.
1174 4252 1207 4322 4.
1220 4252 1255 4321 p.
1276 4253 1351 4319 331.
1371 4242 1450 4302 inter
1472 4233 1549 4302 nuci.
1570 4231 1665 4320 Epist.
