3934 5192
345 458 1265 559 annutrnzurcuantt.
1362 417 1464 586 14‘5·

240 684 265 736 ς,
318 658 664 806 'quamspoileritatis
686 656 827 725 subinde
847 676 893 727 ex
907 658 1205 727 lucubrationibus
1225 658 1446 744 pollicentis,

184 761 193 787 ⁸
239 744 418 832 ‚,diqam,
454 741 647 827 uppeditat.
681 742 845 809 Secundo
860 757 946 809 vero
958 744 1040 809 loco
1057 743 1220 811 srexhoc
1235 746 1326 811 sorte
1339 759 1445 828 portu

239 830 399 909 „aliqua
418 846 474 893 me
497 824 680 977 tempestas
703 826 942 909 propelleret,
970 826 1039 893 sive
1061 828 1181 911 patriae
1201 828 1440 895 vicinarumve

240 954 266 989 „
282 912 469 995 regionum
490 909 559 977 dest
585 912 694 975 crium
702 955 715 998 ,
737 908 921 992 quodcum
937 926 1041 977 aetate
1056 911 1238 993 aliquando
1253 910 1382 977 renasci
1393 910 1446 977 so·

241 1036 267 1072 ‚,
283 996 355 1071 let,
379 1012 435 1060 me
454 1009 656 1069 revocaret:
678 993 722 1059 ad
743 994 810 1059 tale
829 994 913 1059 mihi
936 993 1093 1077 inprimis
1112 996 1357 1061 connitendum
1377 996 1442 1063 eise

242 1119 267 1153 ,,
283 1095 415 1144 munus
429 1076 640 1153 statuebam,
661 1077 755 1159 quod
780 1077 822 1141 ab
841 1078 941 1160 Reip.
963 1079 1056 1143 curis
1085 1079 1311 1161 periculisque
1331 1097 1444 1145 remo„

240 1202 268 1239 „
284 1178 389 1238 tum,
408 1161 444 1225 in
460 1160 692 1245 jurisdictione
715 1160 939 1245 civiliumque
967 1163 1143 1228 causarum
1165 1163 1363 1246 cognitione
1385 1183 1446 1243 po·

242 1287 267 1322 ,,
285 1244 446 1313 tissimum
470 1243 678 1311 consisteret.
720 1244 829 1329 Cujus
854 1240 958 1311 etiam
989 1246 1136 1328 aliquam
1158 1247 1239 1311 mihi
1261 1244 1354 1327 spem
1380 1246 1451 1323 Ra*

214 1351 218 1357 ’
242 1369 269 1407 ,,
287 1328 577 1414 tisponaeBoisotur
595 1327 710 1395 noster
725 1329 915 1403 excitarat,
936 1340 976 1395 ut
992 1330 1013 1393 st
1027 1330 1153 1395 vellem
1168 1332 1203 1393 in
1220 1330 1446 1415 Mechlinien-

244 1454 269 1491 „
285 1414 329 1481 sus
347 1412 471 1497 jndicii
489 1414 620 1477 curiam
635 1412 816 1495 aliquando
832 1426 1029 1496 cooptarer.
1073 1412 1309 1496 Quamobrem
1328 1415 1386 1486 ubi
1402 1434 1447 1480 ex

242 1539 269 1575 aa
287 1499 359 1564 tuis
380 1496 488 1562 literis
508 1496 552 1561 ad
573 1514 650 1562 eam
670 1515 726 1561 me
755 1494 897 1563 adscisci
925 1496 1138 1563 tenuiorem
1163 1496 1351 1574 intellexi,
1380 1516 1447 1580 qua

243 1625 270 1659 „
285 1580 423 1731 Eublici
444 1578 549 1647 status
567 1580 773 1663 gubernatio
788 1583 965 1664 praecipue
985 1579 1083 1647 isthic
1105 1579 1254 1655 constat,
1275 1598 1315 1663 ut
1335 1582 1373 1647 du
1388 1602 1447 1649 au-

242 1703 271 1744 „
322 1664 357 1729 m
378 1663 519 1747 Reginae
537 1665 725 1740 comitari,
752 1662 1030 1747 quotidianisque
1052 1664 1318 1813 grovincialium
1337 1667 1450 1747 queri-

245 1792 272 1828 „
288 1749 435 1823 moniis,
454 1748 513 1814 vel
533 1746 701 1814 obeundis
720 1765 869 1833 peregre
889 1749 1053 1833 legationi
1078 1761 1278 1831 usoperam
1295 1749 1377 1815 dare
1389 1768 1450 1815 ne·

247 1874 273 1911 „
290 1831 381 1899 cess'e
401 1830 524 1897 suerit:
553 1844 592 1897 ut
611 1848 735 1897 verum
755 1829 883 1908 fatear,
910 1832 1065 1898 nonnihil
1088 1850 1183 1898 mens
1205 1831 1247 1897 ad
1270 1834 1342 1915 ejus
1363 1850 1449 1900 con-

241 1916 436 1993 „ditionis
453 1916 620 1981 nuncium
640 1916 808 1981 exterrita
827 1912 904 1982 fuit.
944 1914 1135 1981 Praesertim
1155 1932 1235 1980 cum
1258 1934 1343 1981 meae
1361 1934 1449 1999 quo-

195 2032 203 2057 .
247 2039 274 2075 „
291 2019 360 2083 que
382 1996 541 2064 conscius
562 1999 759 2075 tenuitatis,
780 2016 863 2063 mox
882 1998 968 2065 illud
988 2000 1091 2066 etiam
1108 1998 1329 2075 subvererer‚
1351 2018 1393 2065 ne
1410 2016 1448 2064 ut
1517 2058 1528 2081 ,

245 2083 442 2159 „maxime
463 2082 573 2147 velim
591 2098 786 2165 conerque,
816 2101 901 2149 eum
917 2096 1033 2149 tamen
1052 2100 1154 2165 quem
1175 2102 1194 2147 a
1215 2102 1270 2148 me
1291 2082 1450 2165 expedia-

249 2168 346 2241 „bis
367 2164 521 2232 usumin
547 2164 649 2231 rebus
676 2167 780 2231 tantis
804 2165 964 2249 praestare
992 2184 1168 2248 nequeam.
1212 2164 1303 2232 Cum
1319 2168 1389 2249 jam
1410 2166 1447 2233 dt
1508 2234 1511 2239 ,

250 2250 441 2324 „Gallicae
462 2250 605 2333 linguae,
625 2248 722 2332 cujus
742 2252 938 2333 praecipuus
960 2248 1057 2315 isthic
1077 2246 1126 2321 est
1143 2248 1238 2322 usus,
1259 2268 1350 2331 pene
1365 2250 1452 2315 obli·

251 2374 275 2407 „
292 2348 350 2399 tus
371 2332 452 2407 iim,
481 2350 549 2398 nec
577 2331 795 2401 Germanicae
815 2333 918 2399 vaide
938 2350 1089 2417 gnatus,
1121 2350 1162 2398 ac
1181 2334 1215 2397 in
1239 2351 1306 2397 una
1326 2333 1450 2399 Latina

251 2458 276 2492 ,‚
291 2418 412 2501 lingua
430 2416 597 2501 proximis
616 2416 714 2481 annia
735 2432 792 2481 me
807 2418 1046 2492 exercuerim,
1067 2434 1136 2481 non
1147 2414 1286 2498 quidem
1300 2417 1342 2482 ad
1354 2416 1449 2502 istam¹

251 2502 513 2576 „literatorum
532 2498 711 2571 hominum
731 2499 957 2583 elegantiam,
976 2496 1035 2567 sed
1054 2498 1098 2567 ad
1117 2498 1355 2582 quotidianum
1375 2515 1451 2567 tan.-
1478 2534 1481 2546 ·

251 2626 276 2659 „
292 2600 371 2651 tum
393 2582 546 2650 docendi
566 2581 834 2666 consulendique
854 2583 961 2651 nsum.
1003 2582 1106 2650 Unde
1123 2600 1195 2649 non
1211 2583 1383 2649 immerito
1406 2585 1449 2651 ad
1478 2651 1481 2660 ,

236 2708 278 2763 3,
294 2669 394 2734 tanti·
414 2668 566 2735 muneris
593 2664 811 2750 splendorem
839 2685 884 2735 ex
905 2664 1104 2735 scholastica
1125 2667 1190 2740 hac
1210 2665 1451 2749 umbratilique

253 2789 280 2827 ‚,
294 2754 371 2818 vita
391 2752 513 2818 oculos
532 2750 593 2817 vix
614 2748 710 2815 ausus
730 2749 781 2815 fui
802 2752 974 2817 attollere.
1014 2750 1145 2819 Adhaec
1168 2749 1383 2835 cogitabam,
1411 2767 1452 2819 ut
1497 2808 1503 2823 .

252 2872 279 2910 „
296 2853 369 2901 non
390 2852 493 2903 omne
512 2832 605 2917 qnod
621 2832 779 2917 splendet
797 2852 919 2899 aurum
939 2832 1006 2911 est,
1029 2832 1072 2898 lic
1090 2851 1155 2900 nec
1172 2833 1301 2917 amplas
1314 2832 1390 2900 istas
1407 2852 1450 2900 ac

253 2958 278 2994 „
295 2921 333 2984 in
355 2916 470 3003 specie
492 2918 685 2985 luculentas
705 2917 925 2984 conditiones
946 2937 976 2984 ae
999 2935 1078 2983 uum
1096 2915 1228 3001 semper
1243 2915 1449 3003 sumptibus,

245 3025 281 3078 ·„
296 3000 674 3083 laboribus„curisque
694 3018 737 3068 ac
755 3001 953 3085 periculisa
994 3018 1070 3067 erre
1088 3000 1298 3068 mercedem.
1319 3000 1451 3086 Quam-

256 3126 282 3160 „
299 3084 465 3152 obremsr
493 3102 573 3151 meo
601 3085 740 3169 ingenio
768 3085 907 3167 obsequi
932 3084 1081 3159 liceret,
1119 3083 1331 3151 mediocrem
1358 3087 1451 3153 hane

255 3209 282 3245 „
298 3170 494 3245 fortunam,
514 3170 637 3251 inqua
656 3165 781 3252 pro'cul
802 3168 843 3235 ab
863 3168 953 3251 Jove
973 3186 1014 3233 ac
1034 3166 1179 3233 fulmine
1202 3183 1370 3234 centenos
1397 3184 1450 3234 ta·

257 3292 283 3330 ‚‚
298 3270 380 3320 men
402 3253 533 3335 aliquot
561 3251 705 3336 (oureus)
735 3254 910 3317 annuatim
930 3269 1156 3333 compascere
1178 3251 1332 3333 polium,
1359 3251 1450 3318 haud

259 3336 448 3412 „illubens
475 3333 687 3419 praeferrem.
729 3335 862 3403 Verum
891 3334 914 3401 'e
940 3336 1118 3400 contrario
1148 3348 1207 3399 tua
1233 3350 1274 3397 ac
1295 3332 1453 3401 Hoxvirii

258 3458 285 3497 „
301 3419 408 3501 nostri
440 3418 653 3500 aliorumque
674 3418 971 3485 amantissimorum
1001 3418 1179 3483 hominum
1207 3416 1370 3481 autoritas
1397 3435 1453 3483 me

258 3546 284 3579 ‚,
301 3522 374 3569 aon
400 3504 527 3568 leviter
555 3502 677 3569 movit.
720 3502 765 3569 Et
791 3502 941 3584 parentis
969 3518 1010 3566 ac
1030 3501 1305 3582 propinquorum
1325 3499 1453 3566 deiide·

259 3628 285 3663 „
302 3589 419 3662 mum,
452 3588 510 3669 qni
540 3584 660 3668 saepius
687 3585 729 3651 ad
758 3584 973 3651 ambiendam
994 3584 1230 3649 conditionem
1251 3583 1396 3663 aliquam
1417 3584 1453 3649 iu
1491 3582 1496 3589 '

260 3670 467 3745 „inferiore
496 3668 681 3751 Germania
708 3667 855 3735 suasores
881 3666 1001 3743 suere,
1036 3668 1178 3732 omnino
1208 3683 1342 3745 nequeo
1357 3684 1456 3753 ¹cup-
1508 3720 1512 3729 .

261 3793 287 3829 .,
303 3772 472 3821 temnere.
513 3753 631 3832 ltaque
652 3751 735 3815 dum
755 3769 893 3817 mecum
913 3752 972 3816 diu
990 3750 1113 3815 dubius
1129 3748 1335 3815 subsisterem
1351 3766 1454 3830 quam

262 3877 289 3913 ,‚
305 3841 341 3903 in
361 3848 495 3923 partem
518 3834 721 3918 potissimum
741 3835 907 3902 inclinare
927 3834 1120 3910 deberem,
1150 3850 1202 3897 res
1222 3828 1292 3913 ipsa
1313 3832 1454 3899 tandem

264 3962 288 3994 ‚‚
305 3919 482 3987 consilium
495 3916 674 4003 suggelsrt’'
697 3916 767 3985 &c
788 3936 913 4001 nempe
934 3922 972 3981 itt
993 3914 1137 3998 ipsemet
1159 3915 1266 3979 isthuc
1280 3912 1454 3999 fibiprofi-

264 4003 464 4071 cisceudum
485 4002 680 4087 putaverit,
698 4002 752 4066 uti
771 3998 870 4083 supra
883 3996 1220 4073 vidimus,.succellu
1231 3999 1369 4075 minime
1379 4015 1459 4083 poe·

264 4086 463 4164 „nitendo
504 4082 560 4151 Ex
579 4100 648 4151 tom.
671 4100 700 4163 3.
717 4100 752 4165 p.
775 4100 848 4166 324.
872 4082 909 4150 V
914 4104 945 4148 a.
995 4134 998 4145 ,
1287 4070 1297 4097 ’
1496 4153 1500 4161 .

305 4173 368 4257 (4)
399 4168 623 4237 Canopus
652 4166 886 4233 Botsnnus
915 4165 977 4229 'iu
1002 4162 1119 4228 libello
1140 4163 1362 4231 cuitstulus:
1394 4164 1457 4230 Les

268 4256 426 4321 tombeoux
440 4251 490 4318 des
510 4254 637 4316 hommes
656 4248 783 4334 illustres
797 4256 850 4335 qui
868 4264 918 4313 ont
959 4265 1017 4321 aru
1036 4266 1076 4311 ou
1093 4246 1210 4331 Conseil
1224 4250 1319 4332 prins
1337 4248 1377 4313 dn
1393 4249 1458 4331 Roy

268 4326 443 4434 Calenisque
460 4333 682 4451 supensos„
710 4332 811 4416 depuis
823 4330 880 4419 son
901 4265 1066 4484 ι’ζίᾒίηιηωι
1086 4330 1120 4397 de
1135 4334 1208 4403 suu.
1231 4348 1324 4415 1517.
1337 4328 1460 4476 jusqffi
1563 4408 1571 4417 ¹
