3934 5192
539 534 617 623 182
702 521 934 618 noun
972 547 1044 618 m
1083 487 1333 628 Virum
1370 515 1614 624 vinuli

533 728 800 794 commemorat,
828 735 871 788 ea
889 719 1006 787 omnia
1026 715 1107 789 Adr.
1131 714 1234 785 Gauii.
1255 715 1444 818 resecavit,
1473 716 1613 784 consilio
1635 717 1741 787 nobis

538 818 619 966 ms?
644 819 989 970 ngtgfflnffl]
1039 883 1136 968 Quid
1166 901 1331 969 proceres
1359 881 1402 949 ad
1433 883 1561 970 Regem
1590 881 1740 1034 scripse·

536 985 626 1040 rint,
656 968 693 1035 ἃ
716 987 793 1052 quae
822 972 911 1052 regis
934 969 979 1034 ad
1010 986 1071 1036 eos
1098 967 1295 1052 responsio,
1328 983 1491 1036 accurate
1517 983 1631 1034 narrat
1699 975 1741 1038 ic.

535 1050 630 1133 Burg.
651 1051 733 1132 Hist.
753 1051 837 1134 Belg.
857 1053 908 1120 lib.
931 1071 961 1119 1.
977 1070 1012 1136 p.
1032 1051 1105 1114 milri
1126 1055 1180 1134 67.
1204 1051 1245 1120 V.
1265 1049 1661 1137 ammonitionem.
1683 1057 1738 1121 16.

535 1153 600 1220 cap.
619 1154 651 1215 5.
673 1135 783 1198 Horaei
804 1135 909 1203 annos.
929 1135 973 1200 od
992 1155 1043 1201 on.
1067 1138 1161 1214 1563.
1182 1136 1216 1205 Θ
1232 1133 1374 1200 Femina.
1396 1131 1548 1202 Strodam.
1571 1135 1631 1204 &a

578 1220 641 1301 (3)
664 1219 921 1285 Manrrum
942 1218 1286 1366 Saururanunis]
1308 1219 1390 1284 Non
1410 1219 1467 1284 hic
1485 1219 1633 1302 primum
1651 1236 1740 1286 con-

535 1302 776 1371 foederationis
795 1303 925 1386 fignunr
944 1301 1022 1369 suit.
1063 1300 1243 1368 Gestarant

537 1385 575 1451 dr
599 1387 700 1474 super
716 1386 811 1468 pallii
830 1389 939 1461 latus,
961 1403 1066 1450 aureo
1088 1384 1311 1452 internitente
1331 1384 1413 1461 silo,
1435 1385 1599 1451 morionis
1613 1388 1741 1453 cucul-

536 1470 630 1545 lum,
664 1483 838 1550 tamquam
863 1469 1076 1542 ludibrium,
1103 1466 1196 1550 quod
1219 1485 1289 1532 non
1309 1465 1454 1534 obscure
1476 1469 1519 1534 ad
1542 1465 1740 1536 Gronvella·

537 1573 609 1616 num
636 1551 861 1619 referebatur.
902 1551 994 1618 Cum
1024 1551 1061 1616 id
1084 1549 1375 1617 Gubernatricem
1396 1549 1619 1630 offenderet,
1654 1553 1744 1620 loco

537 1635 667 1702 cuculli
697 1635 865 1718 reposstus'
888 1635 956 1702 fuit
982 1632 1164 1700 fasciculus
1198 1631 1422 1720 sagittarum,
1461 1637 1519 1716 qui
1570 1653 1739 1702 rocerum

537 1719 764 1785 concordiam
780 1720 961 1787 indicaret.
980 1717 1022 1785 V.
1038 1717 1111 1783 Nic.
1129 1717 1224 1800 Burg.
1241 1724 1290 1784 ris.
1308 1717 1343 1786 ss
1357 1715 1516 1785 flamm.
1560 1735 1622 1786 ont.
1636 1719 1745 1790 fleur.-

500 1876 503 1880 s
530 1803 601 1887 sup.
621 1820 685 1887 cop.
709 1809 742 1869 ό.
764 1820 783 1867 a
806 1819 954 1886 quornm
977 1801 1173 1868 narratione
1195 1800 1351 1867 nonnihil
1371 1798 1525 1868 diversus
1550 1801 1599 1870 est
1621 1801 1741 1871 sermo

537 1884 679 1950 Furnium
699 1884 814 1951 Strodae
829 1886 880 1953 lib.
896 1908 927 1970 4.
945 1891 978 1948 in
993 1891 1060 1950 init.
1141 1927 1144 1932 -
1336 1937 1340 1944 .

580 1967 643 2052 (4)
664 1967 1044 2050 Anunnrnnrus]
1068 1965 1203 2034 ibamus.
1243 1964 1429 2050 Hispanus,
1457 1981 1559 2037 vetus
1578 1970 1742 2048 aulicus,·

536 2052 726 2134 Mor-gorm
742 2051 898 2134 Pormmfl
914 2069 935 2116 a
952 2049 1091 2118 secretis
1110 2050 1146 2117 &
1163 2050 1204 2116 ab
1224 2049 1384 2134 epistolis.
1403 2050 1526 2120 strada,
1542 2052 1619 2122 Nic.
1635 2053 1736 2140 Barg.

481 2153 493 2164 ⁶
579 2135 772 2202 LXXXIV.
840 2137 880 2218 1')
904 2134 1200 2201 corrasisse
1233 2149 1422 2202 runrun
1451 2139 1734 2223 incursuum]

535 2219 619 2286 Non
640 2217 729 2285 solus
755 2217 877 2302 ngur
897 2217 1067 2286 infimulat
1087 2217 1309 2282 Armamrrr'um
1320 2240 1335 2296 ·,
1354 2218 1459 2284 etiam
1481 2217 1633 2284 Nicotaus
1651 2219 1735 2286 Bur-

576 2301 652 2367 adus
674 2303 734 2369 lib.
759 2320 797 2386 1.⁴
817 2320 853 2384 p.
873 2301 967 2368 mihi.
987 2306 1040 2384 64
1074 2317 1153 2366 enm
1181 2301 1334 2366 avaritiae
1350 2299 1509 2370 accusat.
1552 2301 1595 2370 Et
1617 2301 1738 2370 Pomm

572 2403 707 2464 marrus,
728 2387 787 2468 qui
811 2385 859 2450 ita
873 2383 991 2451 scribit
1009 2384 1067 2450 lib.
1085 2387 1135 2450 16.
1158 2398 1234 2466 cap.
1247 2387 1279 2450 6.
1302 2421 1326 2457 o
1342 2381 1501 2452 Prosesto
1519 2385 1555 2452 in
1571 2385 1736 2471 Burgun-

534 2507 561 2542 ,‚
578 2469 670 2535 diam
693 2467 906 2546 cardinale,
939 2467 1047 2533 nihilo
1075 2466 1255 2561 Belgarum
1282 2484 1337 2534 res
1360 2469 1549 2550 quietiores¹
1573 2467 1733 2540 fuerunt.

535 2590 561 2626 „
577 2553 766 2619 Aurantius
789 2549 882 2617 enim
905 2566 986 2616 cnm
1008 2549 1247 2616 soederatisab
1269 2566 1349 2618 una.
1365 2564 1482 2634 parte,
1503 2551 1739 2622 Armenteros

1272 1301 1374 1366 amuli
1391 1303 1486 1384 prius
1500 1315 1590 1368 atras
1603 1301 1742 1381 vestes,

433 2646 436 2650 ’
534 2673 560 2708 ,‚
577 2637 619 2702 ab
641 2638 770 2712 altera,
790 2632 901 2709 sacra,
919 2633 1133 2718 profanaque
1157 2629 1267 2700 osiioia
1287 2651 1414 2700 venum
1439 2649 1640 2719 exponunt,
1663 2637 1731 2703 ho-

415 3819 424 3832 ‘
535 3808 592 3871 die
609 3825 661 3886 29.
685 3800 828 3886 Augusti
846 3804 939 3882 1564.
961 3799 997 3866 δι
1013 3800 1133 3863 vivere
1155 3797 1249 3864 desiit

535 2758 560 2792 „
577 2719 718 2786 micidas
741 2716 980 2800 maleficosque
1009 2734 1093 2782 auro
1115 2715 1284 2802 liberant,
1322 2714 1430 2784 sortes
1453 2721 1542 2784 varii
1569 2722 1738 2804 generis,

535 2839 560 2872 η
576 2800 718 2880 usuras,
748 2819 790 2867 ac
813 2799 986 2894 quicquid¹
1001 2799 1111 2883 gratia
1130 2796 1363 2884 Principisque
1387 2800 1558 2895 beneficio
1585 2804 1739 2887 egebat,

534 2886 834 2956 „interveniente
860 2883 1137 2964 concilrmteque
1164 2899 1265 2960 auro,
1297 2896 1521 2965 permittunt:
1543 2885 1733 2956 Armente⁴

534 3003 564 3040 „-
578 2989 634 3035 ros
656 2968 810 3034 avaritiae
832 2965 954 3045 causa;
975 2966 1184 3042 Amantius,
1204 2979 1265 3042 ut,
1287 2966 1388 3033 rebus
1412 2967 1568 3034 omnibus
1588 2983 1732 3053 pertur-

534 3089 560 3124 ‚‚
576 3051 684 3126 batis,
702 3050 789 3135 juste
812 3051 906 3148 apnd
924 3052 1052 3134 Regem
1073 3047 1390 3164 deGubematr'ice
1413 3053 1579 3136 conqueri
1599 3053 1740 3138 pollet,

535 3173 561 3206 ’'
575 3131 1401 3314 immississent?sistentem,
1423 3217 1734 3314 omnm,

533 3301 633 3368 lmn.
653 3321 711 3368 nr
731 3303 803 3367 1³11
827 3301 916 3386 lV.]
959 3299 1100 3381 Duplex
1128 3298 1501 3368 hlcnallachronlsmun
1541 3301 1734 3370 Fetdinan-

535 3385 652 3536 dusg.
680 3388 768 3536 lngp.
795 3386 882 3455 obiit
910 3401 963 3466 25.
987 3381 1069 3468 Julii
1099 3383 1191 3464 1564.
1220 3379 1258 3449 dc
1283 3381 1363 3450 Pius
1386 3380 1447 3451 lV.
1472 3384 1510 3452 Ρ.
1533 3383 1572 3453 Ρ.
1593 3405 1627 3468 9.
1654 3387 1733 3456 De·

535 3486 684 3537 cern.1
756 3519 764 3536 .

577 3488 770 3622 ιΧΧὶένςΙ,
812 3551 874 3636 (1)
895 3551 1051 3617 Bucrro
1075 3566 1099 3613 A
1121 3547 1401 3635 Morrnzrmn]
1423 3551 1514 3620 Vide
1532 3553 1733 3636 catalogum

536 3639 688 3704 nostrum
734 3635 969 3719 raeposrtorum
989 3635 1025 3700 δι
1042 3633 1253 3698 decanorum
1267 3635 1417 3716 quinque
1433 3635 1652 3701 ecclesiarum
1668 3637 1735 3704 Ul-

534 3722 695 3806 trajecten
711 3738 790 3784 rum.
830 3718 938 3784 Porro
959 3717 1002 3781 ad
1020 3715 1202 3800 theologiae
1221 3715 1449 3866 matgjilsiregigffi
1461 3731 1641 3801 promotus
1662 3718 1735 3870 sduit

1475 3820 1569 3868 amu
1694 3821 1733 3871 ie

534 3897 566 3956 ό.
591 3887 783 3959 Februarii,
805 3883 989 3967 apoplexia
1006 3881 1114 3948 subiti
1129 3881 1254 3958 tatius,
1276 3881 1359 3950 dum
1371 3819 1480 3949 Jhoras
1503 3821 1648 3970 legg&
1657 3885 1737 3954 Ca-x

536 3974 689 4037 nonicas.
731 3967 811 4048 sosii·
838 3965 934 4032 Arod.
962 3965 1033 4062 Vol.
1055 3963 1155 4030 Andr.
1174 3985 1208 4060 p.
1229 3982 1287 4061 ,79.
1314 3964 1434 4114 Wgslias
1460 3986 1538 4035 eum
1567 3969 1731 4053 impensis

534 4056 600 4120 suis
628 4054 712 4119 aluit
739 4066 813 4115 tum
838 4051 1100 4128 Lovann,.tum
1125 4047 1273 4122 Parisiis,
1296 4049 1333 4117 δι
1375 4069 1394 4115 e
1445 4069 1500 4118 eni
1521 4052 1733 4134 quandoque

534 4141 586 4204 his
610 4136 776 4204 excitavit
802 4135 930 4230 literis,
964 4131 1140 4226 „Accepi
1162 4151 1268 4229 nepos
1289 4133 1382 4198 cbar'
1408 4154 1475 4202 rme
1497 4133 1740 4218 superioribus

534 4262 560 4298 „
577 4219 742 4287 mensibus
770 4219 900 4302 aliquot
918 4217 977 4282 aba
999 4232 1034 4282 te
1054 4217 1186 4294 literas,
1206 4215 1264 4283 led
1282 4216 1406 4284 breves
1425 4217 1629 4295 admodum,
1649 4235 1732 4302 quae

535 4345 559 4382 „
576 4305 715 4371 nullam·
734 4317 793 4370 aut
821 4313 919 4371 certe
950 4299 1173 4386 perexiguam
1204 4297 1391 4368 studiorum
1419 4303 1477 4371 vel
1505 4304 1732 4452 tuoruvaIil

1598 4425 1624 4462 aa
1667 4406 1682 4450 ⁰
1716 4419 1734 4436 ⁸
