3934 5192
470 412 491 473 ⁵
529 416 613 582 21'2
718 479 1294 580 TESTAMENTUM
1341 481 1580 587 vtctn

530 698 735 759 executores
768 678 862 766 mci,
900 676 996 752 nulla
1026 680 1236 756 munimenta
1267 677 1312 753 ad
1350 699 1408 754 me
1445 675 1640 778 pervenisse
1682 677 1737 756 ad

445 855 450 873 ,
530 781 661 853 dietum
684 775 843 849 ordinem
867 770 1082 870 spcstantia,
1116 776 1160 848 de
1184 775 1310 872 quibua
1334 771 1543 870 respondere
1567 775 1741 870 obligerr

529 895 659 970 praeter
694 871 825 944 librum
861 870 1064 955 statutorum
1099 869 1136 942 δι
1171 873 1314 943 alterum
1350 888 1522 944 armorum
1555 868 1613 944 seu
1648 867 1731 944 insi-

530 971 650 1065 gnium
673 970 831 1061 equitum
856 966 988 1038 ordinis
1012 968 1109 1038 aurci
1132 965 1312 1048 Velleris,
1336 988 1378 1040 ac
1402 963 1511 1062 sigilla
1533 967 1623 1050 duo,
1649 985 1733 1062 qum

531 1066 664 1236 {esgitui
687 1062 869 1138 debebunt
890 1059 1075 1135 successori
1104 1062 1141 1134 in
1173 1059 1319 1146 officio,
1355 1080 1414 1134 aut
1437 1065 1469 1139 ei
1493 1064 1550 1136 cui
1573 1061 1653 1134 Rex
1673 1066 1739 1160 ju·-

556 1181 658 1233 ert..

581 1243 713 1328 XLIV.
739 1251 882 1345 Scripta
906 1275 993 1326 vero
1018 1249 1161 1344 alicujus
1176 1253 1361 1335 momenti,
1386 1271 1464 1345 quae
1483 1270 1642 1350 tempore
1655 1275 1738 1349 quo·

531 1345 737 1426 Praefidams
766 1347 899 1422 consilii
927 1347 1115 1443 imperialis
1145 1349 1182 1421 dr
1208 1345 1327 1443 Regiae
1356 1346 1547 1514 Magestatis
1574 1349 1731 1424 officium

533 1449 698 1529 exercui,
722 1445 768 1518 ad
792 1467 914 1516 manus
936 1467 1029 1517 meas
1054 1463 1314 1536 pervenerunt,
1347 1463 1387 1516 ea
1435 1444 1560 1518 delitet
1585 1467 1727 1530 eorum,

492 1623 496 1630 ,
532 1546 594 1638 qui
617 1541 769 1616 archivis
795 1540 944 1635 publicis
966 1537 1148 1635 praesunt,
1179 1539 1344 1612 custodiae
1363 1542 1433 1633 jam
1459 1559 1560 1620 antea
1578 1541 1727 1624 tradidi,

531 1641 590 1714 vel
610 1640 647 1710 in
665 1635 836 1732 potestate
854 1633 1114 1710 secretariorum
1136 1634 1261 1729 reliqui
1271 1681 1284 1718 ,-
1307 1653 1414 1730 prout
1432 1635 1501 1707 hoc
1524 1658 1568 1708 ex
1583 1635 1739 1712 diversis·

531 1734 776 1828 chirographis
786 1732 922 1827 liquido
937 1729 1141 1826 apparebit:
1168 1731 1293 1804 ceteris
1308 1731 1526 1804 collectaneis
1536 1735 1736 1827 messapud

377 1864 395 1895 ν
531 1829 905 1922 ihocremmentibm,
929 1828 1053 1921 quibus
1069 1823 1170 1920 supra
1187 1825 1329 1921 legavi,
1351 1829 1395 1899 de
1414 1826 1538 1920 quibus
1557 1827 1731 1902 Commis-

530 1925 635 2001 sarior
660 1927 766 1998 curiae
793 1919 828 1996 se
855 1923 1086 1996 intromittere
1110 1921 1224 2006 nolo,
1261 1917 1392 1996 Praeter
1414 1924 1564 2015 paucula
1591 1946 1673 2018 qnae
1691 1928 1738 2000 in·

531 2022 633 2096 cistae
642 2021 804 2117 propriae
812 2018 1100 2092 cuminventariis
1111 2017 1271 2111 reposui,
1296 2039 1374 2111 quae
1386 2019 1448 2101 iis,
1473 2022 1586 2113 quiad
1603 2023 1730 2095 hocab

371 2121 379 2128 “
533 2119 632 2192 curia
644 2113 806 2190 commith
816 2133 943 2200 erunt,
964 2136 1030 2209 per
1040 2135 1242 2188 executores
1253 2136 1349 2186 meos
1366 2111 1516 2186 similiter
1526 2117 1620 2190 tradi
1630 2121 1738 2192 volo..

580 2212 694 2286 XLV.
720 2211 832 2304 Quod
857 2233 974 2284 autem
996 2210 1040 2281 ad
1062 2206 1226 2282 officiunt
1241 2209 1295 2280 M.
1327 2205 1564 2302 Registrorum
1582 2209 1738 2286 Hoslan·

533 2310 601 2383 diae
625 2331 666 2383 ac
695 2307 848 2380 custodis
873 2304 1009 2380 archivi
1040 2304 1193 2400 ejusdem
1219 2303 1371 2392 attinet,
1408 2328 1488 2378 cum
1519 2309 1658 2380 licentia
1688 2306 1728 2378 δι
1809 2371 1824 2388 ,

532 2403 698 2479 consensu
706 2403 893 2497 Serenmae.
906 2398 1049 2494 Reginae
1066 2402 1191 2474 Mariae
1212 2397 1501 2489 G‘ubernatricie‚
1521 2401 1729 2477 Clarisl'unus

358 2528 378 2569 a
385 2525 503 2585 mcv.
534 2499 703 2575 vernus
720 2499 881 2574 Cornelius
898 2497 1009 2588 Sap-'si
1020 2493 1147 2569 Praescs
1162 2492 1296 2580 consilii
1312 2495 1540 2580 thandiae,
1567 2501 1741 2573 vicemea

358 2602 506 2678 retusam
536 2597 613 2694 ejus
632 2595 959 2670 administrationem
976 2613 1018 2664 ac
1037 2589 1226 2664 custodiam
1248 2590 1433 2678 habuerit,¹
1452 2595 1544 2666 idem
1562 2594 1626 2686 (ut
1645 2617 1738 2668 con·

359 2685 467 2817 ml
536 2692 633 2790 fido)
657 2691 790 2765 stmihi
808 2687 1057 2783 supervixerit,
1081 2683 1158 2758 &b
1184 2685 1364 2764 rebellium
1385 2691 1554 2782 potestate
1576 2689 1673 2763 salva
1689 2715 1732 2764 ac

359 2835 415 2893 Bm
433 2773 497 2893 (ΞΜ
537 2792 672 2884 integra
691 2783 851 2882 predicti
867 2785 1002 2858 archivi
1020 2783 1231 2855 munimenta
1247 2834 1265 2868 ,,
1290 2784 1327 2856 in
1351 2807 1429 2858 arce
1454 2782 1628 2858 Gaudana
1646 2809 1737 2858 con-

134 2967 141 2983 χ
360 2877 496 2987 tulisti
537 2884 701 2970 servata,
728 2881 934 2978 recuperari
953 2876 1141 2964 valebunt,
1176 2879 1220 2954 dc
1248 2880 1289 2954 iis
1312 2877 1535 2957 sufficientem
1559 2884 1737 2958 nationem

116 3040 121 3053 ,
240 3004 245 3009 ·
363 3004 449 3049 tut.
501 2986 504 2990 ’
539 3005 576 3054 re
600 2982 679 3054 den·
1192 3044 1197 3057 .

622 3071 717 3146 tvl.
741 3069 792 3146 Et
816 3070 981 3167 quoniam
1014 3090 1155 3166 quoque
1179 3069 1301 3163 Regiae
1330 3071 1525 3146 Catholicae
1548 3073 1637 3168 Maj.
1662 3073 1741 3147 suae.

538 3197 601 3248 mc·
615 3168 838 3246 bibliotheca
861 3165 1037 3262 proesiccre
1060 3167 1214 3262 placuit3
1246 3167 1418 3240 curabunt
1440 3187 1642 3242 executores
1662 3172 1737 3242 mei

538 3292 631 3352 eam,
658 3266 842 3341 secundum
868 3262 1061 3336 inventaria
1086 3259 1234 3355 desuper
1261 3259 1449 3348 consedla,
1490 3267 1523 3336 ei
1543 3266 1601 3339 cui
1623 3265 1738 3362 MaJ‘s.

537 3364 598 3438 sua
620 3360 813 3446 mandabit,
837 3359 953 3442 tradi;
975 3357 1021 3430 ad
1040 3358 1135 3451 quod
1151 3359 1204 3428 uti
1221 3377 1388 3450 poterunt
1404 3361 1651 3454 operalibrarii
1662 3365 1738 3434 mei

538 3462 601 3557 qui
620 3461 759 3556 plenam
774 3452 855 3552 ipse
871 3453 1144 3529 declarationem
1156 3452 1265 3524 dabit.
1315 3453 1352 3528 Si
1369 3453 1453 3549 quid
1468 3479 1556 3529 vero
1569 3459 1731 3550 pecunia

537 3557 731 3651 reperietur
753 3550 848 3645 apud
868 3575 924 3624 me
942 3547 1089 3635 restare,
1114 3549 1212 3642 quod
1226 3549 1261 3619 in
1286 3571 1458 3624 novorum
1473 3553 1641 3626 librorum
1660 3577 1732 3627 em·

537 3654 694 3748 ptionem
721 3671 741 3720 a
764 3669 821 3718 me
848 3647 1002 3719 nondum
1027 3642 1069 3715 fit
1093 3641 1331 3732 conversum,
1362 3667 1424 3719 aut
1440 3646 1522 3720 alias
1539 3647 1738 3743 impensum

535 3749 635 3843 juxta
657 3743 870 3818 memorialia
898 3761 977 3836 qua·
1001 3739 1148 3834 desuper
1171 3764 1190 3812 a
1216 3764 1271 3812 me
1292 3739 1469 3836 'confecta'
1489 3745 1738 3840 reperientur,
1752 3781 1773 3814 a
1879 3737 1881 3818 s

539 3838 826 4011 adstimanualejus
850 3839 909 3912 cui
935 3835 1040 3931 Majr.
1070 3835 1186 3931 Regia
1210 3835 1370 3932 jusserit,
1401 3836 1552 3914 fideliter
1574 3842 1673 3914 tradi
1689 3863 1738 3916 ac.
1880 3887 1881 3890 π

536 3962 574 4012 rc
617 3958 669 4010 tut
690 3957 739 4008 vo
752 3957 786 4006 o.
1211 3985 1222 3998 ‚,

587 4029 737 4106 XLVII.
763 4012 983 4104 Executores
1004 4046 1120 4116 autern
1139 4026 1244 4122 hujus
1264 4027 1454 4104 testamenti
1471 4033 1539 4104 mei
1556 4029 1739 4106 constituo

539 4125 813 4202 Rdum.'Dnum.
833 4126 1095 4200 Maur'rrrliuuum
1117 4125 1265 4198 Morisson
1289 4123 1514 4222 Praeposrtum
1534 4125 1739 4214 Ariensem‚.

538 4224 672 4298 Dnum.
690 4223 861 4296 Cornelium
878 4220 1035 4315 Sfolders,
1056 4216 1094 4290 tit
1111 4217 1244 4291 Dnum.
1261 4221 1436 4296 Henricum
1454 4224 1506 4296 dtr
1525 4225 1664 4297 Mateta
1676 4245 1732 4296 oc·
1878 4305 1879 4310 ,

537 4317 650 4398 eleliae
668 4317 735 4395 Sti.
753 4315 906 4396 Bavonis
928 4311 1129 4391 Gandensro
1144 4313 1345 4392 Canonieos
1354 4317 1605 4407 ,Clarissimum
1599 4319 1740 4488 1{virtum
1879 4318 1881 4380 l

1515 4453 1523 4465 ¹
1638 4438 1730 4495 num.
1872 4430 1880 4488 s
