3934 5192
427 495 942 645 unsnnmnum
984 499 1230 610 vlonrr
1372 405 1476 635 ιη’

234 695 298 774 ln
325 697 595 797 percipiendum
619 695 727 772 restet
748 718 760 770 t
783 695 844 770 De
867 697 912 772 iit
936 715 1070 783 autern,
1101 723 1182 798 qnae
1211 701 1298 778 mihi
1321 705 1459 786 ratione

234 792 507 890 Praepnfitnrae
522 796 641 870 adhuc
658 792 881 894 debebantur
890 844 903 882 ,
928 795 1108 890 Breydeir'ut
1123 799 1263 892 plenan'n
1283 804 1459 896 cognitio·

236 911 340 966 nem
368 893 499 973 habet,
531 888 792 984 informareque
828 912 1079 964 coexecntores
1108 895 1250 988 poterit.
1300 893 1455 993 Reliqua

236 1009 344 1062 vero
355 985 549 1082 confidunt
567 988 604 1076 in
622 983 710 1060 vaiit
726 987 766 1059 dt
783 989 922 1087 poculis
944 989 1118 1082 argenteis
1134 988 1173 1060 ἃ
1188 991 1381 1082 deauratis,
1396 1017 1457 1068 ve·

234 1077 387 1180 stibna,
418 1084 568 1177 tapetis,
599 1079 720 1164 lineis,
752 1083 898 1177 aliisque
926 1083 1015 1156 varii
1039 1085 1177 1178 generit
1205 1087 1392 1162 mobilibus
1418 1088 1457 1170 in

239 1181 365 1254 domo
382 1202 461 1252 mea
476 1175 713 1264 Bruxeliensr,
737 1197 797 1250 ant
813 1178 896 1250 aiibi
917 1175 1170 1268 existentibus,
1192 1203 1274 1277 quae
1292 1207 1357 1280 per
1373 1206 1455 1259 exe·

239 1295 398 1352 tutores
424 1297 521 1347 meos
542 1272 687 1347 divendi
698 1323 712 1360 ,
737 1273 775 1346 δι
800 1273 954 1369 pecunia
968 1272 1051 1348 inde
1067 1279 1281 1372 procedens,
1307 1277 1455 1358 beredo

241 1375 321 1449 tati
334 1393 425 1446 maa
440 1371 612 1468 applicari
629 1367 771 1444 debebit
780 1371 879 1466 juxta
897 1369 1108 1446 Articulum.
1129 1395 1188 1469 33.

662 1549 668 1612 '-
693 1561 795 1656 Super
815 1560 937 1636 Aricia.
959 1582 1020 1658 44.

306 1752 451 1866 Scripta
481 1753 560 1828 baec
590 1753 853 1849 comperientur
870 1753 921 1840 ‚in
952 1771 1102 1849 quatuor
1133 1751 1228 1829 cistis
1251 1751 1309 1832 seu
1333 1751 1455 1832 coffria
1593 1819 1605 1832 ..

227 1847 486 2002 ..mansuer
510 1845 593 1989 tn>
617 1847 698 1943 (Β)
722 1845 807 1944 ‹c›
835 1845 935 1945 (u).
971 1989 983 1999 ἢ

695 2039 795 2133 Super
815 2037 939 2112 Antio.
964 2057 1025 2130 45.

308 2230 542 2327 Comperient
559 2246 760 2303 executoret
784 2229 822 2301 in
838 2229 921 2304 cista
945 2226 1075 2325 fignata
1099 2227 1175 2328 (1)
1199 2230 1320 2328 copias
1344 2231 1459 2308 diver.

252 2341 371 2417 sarum
402 2330 552 2415 nii‘rum
582 2338 685 2435 super
714 2337 923 2413 thesauraria
947 2339 1182 2429 Hollandiae,
1218 2365 1297 2440 quae
1324 2340 1457 2418 succes-

255 2437 516 2516 sotiinofficio
532 2435 684 2511 fideliter
700 2436 891 2536 tradentur.
1484 2459 1495 2478 ··

613 2627 621 2726 ;
689 2627 789 2720 nuper
812 2627 933 2702 Anci.
957 2630 1017 2718 46·
1133 2691 1142 2702 .

309 2817 481 2896 Rationes
502 2818 664 2917 pecuniae
686 2841 754 2916 pro
784 2817 956 2904 librorum
988 2821 1167 2987 emptione
1198 2843 1220 2896 a
1251 2843 1307 2895 me
1337 2845 1459 2918 perce·

259 2936 337 3016 ptae
351 2937 532 2993 annotatas
548 2941 567 2990 a
582 2940 637 2988 me
655 2915 848 3009 reperient,
875 2914 913 2988 dc
930 2919 1026 3011 qnod
1059 2921 1233 3012 upererit‚
1257 2917 1394 2992 dabitur
1413 2921 1458 2992 ad

257 3039 386 3090 manus
406 3019 478 3108 ejus
498 3016 558 3109 qni
575 3009 802 3085 sufficientem
818 3009 1018 3086 facultatem
1033 3015 1077 3086 ab
1096 3011 1210 3107 Regia
1222 3013 1342 3107 Majte.
1362 3017 1459 3108 quie·

259 3113 361 3184 tandi
386 3110 553 3194 babebit,
587 3109 791 3201 librariique
815 3107 1032 3203 diligentiam
1061 3131 1102 3181 ac
1132 3108 1343 3183 fidelitatem
1363 3133 1458 3183 corn·

260 3206 416 3292 mendo,
449 3227 522 3298 qno
548 3208 599 3279 illi
624 3205 798 3296 condigna
821 3201 1046 3298 recompensa
1072 3226 1113 3296 ac
1140 3205 1373 3278 remuneratio
1396 3207 1458 3277 ali·

260 3325 332 3397 qna
356 3303 482 3384 detur,
507 3324 587 3374 cum
614 3301 651 3371 id
680 3298 777 3393 quod
802 3321 823 3369 a
844 3322 900 3370 rne
921 3301 1103 3394 percepit,
1128 3297 1182 3372 Re
1209 3303 1221 3372 i
1246 3301 1457 3392 imputatum
1566 3315 1573 3336 “

261 3422 336 3472 non
353 3388 432 3483 iit,
469 3394 529 3469 sed
552 3401 597 3470 de
623 3419 702 3467 meo
728 3395 779 3465 illi
802 3397 984 3466 exolutum
1010 3393 1126 3467 fuerit.
1177 3321 1373 3468 ignventaria
1398 3419 1458 3470 au·

257 3509 334 3567 tern
362 3491 598 3688 (minothea
627 3491 805 3586 reperient
837 3487 989 3586 repoiita
1022 3493 1060 3563 in
1091 3489 1258 3586 praedista
1282 3487 1367 3564 cista
1392 3490 1458 3590 sig·

257 3607 342 3667 nata
392 3609 409 3663 1
439 3643 449 3663 .
1264 3629 1267 3636 ’

697 3775 798 3869 Super
820 3772 941 3849 Aricia.
964 3796 1026 3872 47.

312 3967 511 4044 Debebunt
526 3982 640 4042 autem
658 3987 865 4042 executores
888 3989 910 4041 a
933 3963 1077 4062 singulis
1100 3965 1228 4063 quibus
1253 3963 1387 4064 aliquid
1405 3965 1460 4043 vi·

265 4088 354 4178 gore
378 4063 573 4138 testamenti
594 4063 758 4136 tradituri
783 4062 883 4147 sunt,
948 4068 1062 4174 'ochas
1084 4065 1261 4157 accipere,
1285 4087 1352 4159 per
1372 4085 1461 4160 quaa

265 4183 305 4235 nn
320 4162 523 4236 redditione
536 4160 709 4235 rationum
733 4159 777 4233 de
796 4085 926 4331 sufflaa
959 4182 1028 4233 one
1051 4162 1378 4258 complementoque
1396 4163 1459 4236 do·
1619 4192 1622 4200 ¹

205 4288 217 4302 ‘
263 4253 842 4360 ceripodit,quatapochttpo
893 4253 1464 4432 ἒίιῐιεῐαῐιαεῐιωῦεεὶιῶοέ
