3934 5192
358 507 443 576 m
493 480 768 578 Arrun
817 480 1213 578 zuiouuni.
1341 490 1421 605 1⁶9

100 674 101 682 ’
214 689 301 743 tura
322 673 487 760 cognosci
505 674 643 760 possunt
661 678 756 761 apud
775 676 947 743 ciaconium
968 692 1044 741 tomo
1066 692 1096 757 3.
1117 698 1137 741 o
1158 676 1211 744 col.
1232 680 1307 758 627.
1329 666 1422 761 Spo‘n·

216 760 292 827 don
323 761 429 825 etiam
451 756 628 843 singularia
647 760 691 832 de
713 762 774 825 illo
796 760 911 826 attulit
939 760 974 824 in
1004 767 1164 827 continuat.
1193 764 1296 829 unool.
1324 762 1422 827 Buro-

100 860 105 874 ’
194 850 263 907 miii
283 858 354 909 tom.
377 857 408 921 3.
429 844 515 909 locis
534 862 599 927 per
617 843 768 913 indicem
788 842 890 909 sacile
932 842 1111 911 uaerendis.
1132 844 1299 913 Aunores
1314 847 1422 921 alios,

221 928 285 1009 qui
305 926 423 1009 magni
440 926 508 993 viri
528 926 620 1011 gella
639 928 853 1010 loquuntur,
872 927 907 991 in
935 928 1002 994 'cat
1026 928 1145 995 Cioion.
1165 932 1218 994 loo.
1239 936 1287 996 cii.

140 1004 147 1017 '
264 1008 422 1094 (3)Dr
455 1026 740 1090 aunicnuuo
769 1028 978 1089 ruarmo
1012 1008 1421 1095 Cnsnn]Nequemc

221 1093 1063 1271 tiisilliilil⁰⁰ilssiiil⁰lislli,lli
1090 1093 1423 1245 inlisisinlisis!

222 1260 310 1327 teris
336 1259 568 1343 consignarint
588 1259 773 1344 scriptores
794 1276 865 1325 non
886 1273 941 1326 tot
960 1261 1042 1342 quin
1065 1260 1191 1342 plures.
1233 1261 1283 1336 Is,
1305 1256 1362 1327 c'ui
1382 1263 1423 1327 li·
1441 1254 1446 1263 ’

221 1345 368 1412 brorum
388 1342 492 1425 copIa
510 1360 582 1408 non
602 1342 649 1408 ell
662 1391 675 1425 ,
686 1343 742 1491 lfa
770 1342 829 1427 qui
857 1361 930 1408 rem
952 1343 987 1407 iu
1009 1342 1126 1427 Belgio
1149 1344 1256 1427 astam
1279 1364 1299 1411 a
1317 1346 1422 1433 Belga

222 1447 247 1495 c
320 1424 438 1493 oscere
458 1426 554 1503 vult,
574 1426 667 1511 legat
712 1442 814 1490 ouium
832 1423 1002 1491 Horitarum
1021 1425 1094 1493 Iler.
1115 1424 1218 1509 Auflr.
1238 1428 1287 1495 lib.
1312 1448 1361 1513 14.

305 1507 464 1576 XVIII.
507 1508 572 1593 (1)
612 1510 879 1577 Onniriaro
922 1508 1166 1575 Cossinio
1205 1510 1421 1597 Scarus]
1489 1518 1493 1529 ’

222 1592 377 1665 Nitoluus
395 1590 580 1675 Burgimdus
598 1590 681 1675 Hifl.
700 1592 786 1675 Belg.
806 1592 856 1660 lib.
881 1610 911 1658 1.
925 1610 1001 1687 pag.
1021 1593 1093 1656 mihi
1116 1608 1169 1671 30.
1197 1594 1241 1661 de
1270 1594 1422 1663 Consilio

223 1678 341 1751 Status
390 1694 430 1740 er
451 1674 623 1760 Philippum
642 1675 773 1760 Regem
795 1674 956 1741 ordinato
976 1691 1024 1741 ita
1046 1672 1176 1741 scribit:
1209 1717 1232 1748 ‚‚
1249 1676 1306 1743 Ad
1325 1681 1424 1764 hujus

223 1800 250 1841 ,‚
267 1758 349 1825 min'
381 1759 446 1825 erii
484 1760 767 1843 procurationem
805 1759 955 1824 Antonius
985 1756 1155 1825 Peroiottus
1192 1756 1426 1829 Groovelloiius

224 1841 415 1929 „episcopiis
434 1840 565 1907 Atrebas
653 1888 665 1920 ,
697 1832 880 1909 Guiisem'io
897 1839 1074 1924 Noffuvios
1095 1847 1233 1927 principi
1252 1844 1422 1925 Aurioou,

224 1967 251 2003 ‚,
267 1924 449 1995 Amorollus
467 1840 811 2008 amimalium,
841 1922 923 1989 Phili
983 1943 1000 1989 s
1026 1944 1046 1989 o
1073 1922 1197 1991 Stouele
1218 1924 1354 1993 Gloi'oni'l
1371 1929 1425 1993 do-

100 2053 101 2086 ,
224 2038 251 2088 „-
266 2015 387 2085 mous,
403 2007 538 2075 Carolus
556 2006 639 2091 Baro
659 2007 913 2087 Borloiinontitis,
969 2004 1059 2090 aglius
1077 2006 1158 2091 Ayto
1178 2006 1345 2078 Suichemus
1375 2012 1424 2079 as-

224 2092 251 2169 „
266 2091 396 2189 sumpti
415 2088 503 2158 sunt.
544 2091 593 2158 At
619 2092 710 2158 enim
730 2090 868 2158 secretis
887 2090 1058 2157 codicIIIIs
1075 2092 1223 2175 imperat
1243 2092 1434 2173 Guberna-⁴

100 2215 101 2244 i
225 2217 251 2253 ,,
267 2178 369 2253 trici,
391 2176 428 2239 in
448 2176 679 2259 perplexitate
699 2192 816 2242 rerum
831 2173 1029 2257 &reliquos
1049 2176 1144 2241 aurei
1163 2174 1309 2242 Velleris
1328 2180 1424 2260 equi-

100 2255 102 2299 ²
225 2276 320 2345 „tes
349 2260 386 2325 in
413 2260 696 2325 communionem
725 2256 939 2325 adscisceret.
980 2254 1168 2323 Consilium
1188 2258 1259 2341 ipsa
1278 2276 1424 2346 cogeret

100 2393 101 2396 ,
225 2382 250 2419 ,‚
266 2342 407 2426 quotics
426 2342 629 2419 videretur,
658 2340 729 2426 ipsa
747 2340 921 2425 praeeset,
941 2336 1099 2425 suffragia
1119 2342 1343 2423 quuIrcret,
1372 2342 1425 2411 se·

224 2438 434 2513 „queretur
454 2440 515 2491 aut
535 2423 716 2501 statueret,
737 2442 807 2491 uon
820 2422 914 2507 quod
925 2422 1042 2506 plures
1053 2423 1239 2503 sentirent,
1260 2424 1436 2511 sedquod¹

226 2550 250 2587 „
266 2524 412 2595 putaret
431 2510 610 2592 optimum.
650 2508 758 2574 Nunc
776 2524 858 2575 cum
876 2506 1017 2591 paucis,
1044 2506 1224 2591 ailquando
1245 2526 1325 2575 cum
1347 2530 1422 2577 om.
1455 2532 1461 2552 .

100 2610 103 2629 ·
225 2633 250 2671 ‚,
266 2593 393 2670 nibus,
424 2590 514 2676 saepe
533 2608 615 2657 cuin
627 2591 776 2669 multis,
811 2591 946 2677 semper
967 2604 1083 2657 tamen
1105 2608 1185 2656 cum
1207 2588 1433 2671 Grouvesluno

102 2759 103 2762 Ἴ
224 2716 249 2753 .,
327 2676 504 2752 'beraret,
538 2674 725 2741 crimmis
744 2672 910 2751 subinde,
942 2692 984 2739 ac
999 2680 1130 2758 privato
1150 2672 1301 2743 Consilio
1331 2676 1421 2745 Viros

226 2800 249 2836 ,‚
267 2780 287 2827 a
312 2757 487 2825 vocando.
498 2758 519 2791 ’'
560 2756 723 2823 Fumiooiis
743 2756 856 2825 Siruda
870 2758 1054 2825 Senatores
1068 2774 1141 2822 non
1155 2773 1350 2837 enumerat,
1373 2758 1438 2829 ast⁰

103 2845 105 2932 l
225 2840 410 2910 contendit
428 2838 544 2925 jussisse
564 2841 713 2925 Regem,
743 2856 782 2905 ut
802 2835 1036 2926 Gubernatrix
1057 2838 1127 2925 ipsa
1141 2834 1206 2907 'fibi
1226 2842 1422 2921 consilinm,

104 2934 106 3006 ἲ,
225 2926 411 3009 siquando
439 2926 621 2991 Senatores
643 2940 703 2989 aut
724 2922 927 2991 fatilonIbus
946 2922 1053 3001 scissi,
1094 2936 1153 2989 aut
1181 2925 1317 2993 collatis
1342 2943 1422 2996 ante

105 3019 106 3060 1
227 3008 400 3093 capitibus
420 3008 591 3092 conjurati
613 3008 718 3076 client
736 3054 747 3084 ,
780 3006 967 3092 capesseret
989 3024 1009 3073 a
1037 3004 1278 3087 Groooesloiio,
1309 3006 1423 3076 Bursa·

227 3098 338 3157 mortio
365 3112 401 3156 ur
429 3088 471 3158 Vi
492 3093 564 3168 lio,
596 3109 744 3174 eumque
774 3108 936 3157 arcanum
957 3090 1161 3157 Senatorum
1182 3094 1419 3178 congressum,

107 3179 108 3230 ;
228 3174 406 3241 Conuliom
476 3175 746 3259 cappellatum.
787 3174 884 3241 Idem
910 3172 1135 3257 significatum
1153 3166 1421 3240 voluit-Clericus

228 3256 275 3323 Hi
301 3309 310 3323 .
341 3256 390 3341 des
423 3257 589 3323 Prooiiues
618 3256 710 3323 Unici
738 3257 799 3324 liv.
832 3276 861 3323 1.
887 3275 920 3341 p.
941 3276 973 3337 5.
996 3256 1054 3321 ubi
1074 3258 1230 3339 queritur
1250 3258 1311 3323 hos
1331 3256 1418 3324 solos
1514 3272 1516 3277 '

228 3358 299 3407 tres
328 3360 346 3406 a
376 3338 558 3422 Margarita
587 3340 742 3421 Pormcoss
768 3340 937 3407 adhibitos
964 3338 1075 3404 veluti
1103 3358 1246 3405 arcanos
1266 3341 1430 3409 consilia.
1469 3416 1487 3437 Γ

110 3481 111 3492 2
227 3426 317 3498 rios,
338 3422 376 3491 &
398 3421 534 3507 logium
556 3420 767 3491 Groovellooo
789 3420 954 3489 adhaesille
974 3423 1148 3491 miratur.-

271 3506 335 3590 (α)
368 3504 527 3571 Annus
556 3506 590 3573 S.
617 3494 854 3591 anoriis]
876 3504 976 3570 Lucos
996 3506 1119 3569 Munius
1139 3504 1277 3571 ultImus
1298 3506 1417 3575 abbas:

111 3569 113 3636 ἶ
229 3609 308 3656 nam
338 3588 455 3654 Paulus
486 3588 552 3657 ΡΡ.
579 3588 643 3657 III.
674 3589 717 3655 ad
741 3605 863 3673 preces
886 3589 992 3663 Caroli
1011 3589 1055 3655 V.
1077 3607 1166 3653 anno
1191 3595 1283 3669 1536.
1305 3591 1420 3657 Abba-

112 3665 114 3724 5
231 3675 315 3738 tiam
336 3672 367 3739 S.
387 3672 526 3739 Buooiis
545 3672 674 3739 ordinis
701 3671 731 3739 S.
759 3672 905 3736 Beneditii
926 3670 1113 3750 Gandavi,
1146 3670 1342 3754 suppressit,
1375 3694 1420 3741 cx

231 3756 407 3822 monachis
428 3754 512 3821 fecit
540 3758 729 3823 canonicos
756 3756 959 3833 seculares,
996 3754 1033 3821 δι
1063 3774 1108 3822 ex
1140 3754 1239 3820 bonis
1267 3758 1432 3838 ejusdcm·

232 3839 429 3906 Monasterii
449 3841 561 3904 erexit
580 3838 803 3924 Capitulum,
823 3838 915 3921 quoil
938 3838 1040 3905 hodie
1062 3837 1110 3905 est
1131 3838 1347 3915 cathedrale,
1368 3842 1420 3923 ip-

232 3922 302 3987 sum
323 3942 409 3987 vero
429 3921 622 4001 Abbatem,
655 3922 808 4006 ejusdem
830 3922 973 4007 capituli
992 3920 1168 4005 constituit
1189 3922 1421 4006 Praepositum.
1463 3992 1466 4000 Δ

232 4006 379 4071 Tabulas
406 4006 488 4072 vide
509 4006 601 4070 inter
619 4004 806 4088 diplomata
824 4002 926 4069 Μίνωι·
946 4022 1015 4071 tom.
1037 4022 1067 4071 2.
1086 4024 1125 4085 po
1148 4055 1155 4070 .
1178 4006 1270 4085 1051.
1314 4008 1421 4074 Porro
1549 4069 1554 4090 ,

233 4086 334 4154 Locos
352 4088 466 4169 quoad
492 4089 583 4153 vluit
606 4088 736 4157 abbatis
763 4088 902 4155 titulum
922 4086 1087 4164 retinuit;
1153 4088 1241 4169 igliur
1262 4092 1422 4175 praepos-

235 4186 288 4237 tus
307 4173 417 4238 didius
436 4170 496 4238 est.
537 4172 638 4238 Lucus
657 4190 749 4239 anno
778 4188 869 4251 1537.
890 4170 1014 4237 statuta
1032 4170 1189 4236 condidit
1208 4190 1249 4238 ac
1270 4176 1423 4255 promul-

233 4256 324 4337 gavit
345 4256 415 4339 pro'
434 4274 527 4321 novo
547 4274 588 4321 ca
614 4256 719 4334 itulo,
741 4272 811 4340 quo
832 4257 868 4319 In
887 4252 1111 4319 instrumento
1133 4254 1208 4319 usus
1228 4254 1276 4321 est
1297 4258 1363 4322 hoc
1383 4258 1426 4321 ii·

235 4338 329 4404 tulo:
352 4339 455 4403 Lucos
470 4345 568 4426 peruri
591 4360 655 4403 ione
674 4340 798 4407 Divino
816 4336 920 4407 minas
937 4335 1057 4419 eoelestia
1078 4336 1251 4421 Collegiotae
1269 4338 1299 4406 S.
1318 4338 1425 4403 Barro-

230 4428 276 4487 ois
284 4428 389 4505 juxto
413 4420 622 4504 Gonnum,
645 4418 991 4573 sonmcmfisYaiocesss,
1024 4416 1168 4491 Romoiiae
1188 4421 1257 4488 eccle
1271 4442 1307 4489 iae
1327 4429 1430 4569 sizire,-

322 4530 332 4541 ·
1371 4520 1430 4569 iore
