<?xml version="1.0" encoding="UTF-8"?>
<!DOCTYPE html PUBLIC "-//W3C//DTD XHTML 1.0 Transitional//EN"
    "http://www.w3.org/TR/xhtml1/DTD/xhtml1-transitional.dtd">
<html xmlns="http://www.w3.org/1999/xhtml" xml:lang="en" lang="en">
 <head>
  <title>
</title>
<meta http-equiv="Content-Type" content="text/html;charset=utf-8" />
  <meta name='ocr-system' content='tesseract 3.04.00' />
  <meta name='ocr-capabilities' content='ocr_page ocr_carea ocr_par ocr_line ocrx_word'/>
</head>
<body>
  <div class='ocr_page' id='page_1' title='image "./vitavigliiabayt03papegoog_0384.png"; bbox 0 0 3934 5192; ppageno 0'>
   <div class='ocr_carea' id='block_1_1' title="bbox 329 448 1443 578">
    <p class='ocr_par' dir='ltr' id='par_1_1' title="bbox 329 448 1443 578">
     <span class='ocr_line' id='line_1_1' title="bbox 329 448 1443 578; baseline 0.008 -27"><span class='ocrx_word' id='word_1_1' title='bbox 329 448 535 551; x_wconf 87' lang='lat' dir='ltr'>SUPER</span> <span class='ocrx_word' id='word_1_2' title='bbox 562 453 761 552; x_wconf 90' lang='lat' dir='ltr'><strong>IMPOS.</strong></span> <span class='ocrx_word' id='word_1_3' title='bbox 790 455 1013 556; x_wconf 87' lang='lat' dir='ltr'>DEClMi</span> <span class='ocrx_word' id='word_1_4' title='bbox 1040 457 1306 558; x_wconf 88' lang='lat' dir='ltr'>DENARII</span> <span class='ocrx_word' id='word_1_5' title='bbox 1349 485 1352 492; x_wconf 89' lang='grc'><strong>’</strong></span> <span class='ocrx_word' id='word_1_6' title='bbox 1364 491 1443 578; x_wconf 79' lang='lat'>301</span> 
     </span>
    </p>
   </div>
   <div class='ocr_carea' id='block_1_2' title="bbox 74 646 1611 2584">
    <p class='ocr_par' dir='ltr' id='par_1_2' title="bbox 74 646 1611 2301">
     <span class='ocr_line' id='line_1_2' title="bbox 231 646 1449 750; baseline 0.016 -30"><span class='ocrx_word' id='word_1_7' title='bbox 231 646 347 726; x_wconf 80' lang='lat' dir='ltr'>sebat</span> <span class='ocrx_word' id='word_1_8' title='bbox 368 649 473 734; x_wconf 79' lang='lat' dir='ltr'>fore,</span> <span class='ocrx_word' id='word_1_9' title='bbox 489 650 674 749; x_wconf 88' lang='lat' dir='ltr'>postquam</span> <span class='ocrx_word' id='word_1_10' title='bbox 696 674 767 727; x_wconf 91' lang='lat' dir='ltr'>tam</span> <span class='ocrx_word' id='word_1_11' title='bbox 790 651 963 742; x_wconf 81' lang='lat' dir='ltr'>seorsum,</span> <span class='ocrx_word' id='word_1_12' title='bbox 991 653 1095 750; x_wconf 74' lang='lat' dir='ltr'>quim</span> <span class='ocrx_word' id='word_1_13' title='bbox 1125 659 1161 731; x_wconf 91' lang='lat' dir='ltr'>in</span> <span class='ocrx_word' id='word_1_14' title='bbox 1180 659 1335 736; x_wconf 82' lang='lat' dir='ltr'>Consilio</span> <span class='ocrx_word' id='word_1_15' title='bbox 1354 662 1449 738; x_wconf 83' lang='lat' dir='ltr'>dixe-</span> 
     </span>
     <span class='ocr_line' id='line_1_3' title="bbox 236 747 1071 845; baseline 0.005 -25"><span class='ocrx_word' id='word_1_16' title='bbox 236 769 327 835; x_wconf 84' lang='lat' dir='ltr'>rat,</span> <span class='ocrx_word' id='word_1_17' title='bbox 355 747 621 844; x_wconf 85' lang='lat' dir='ltr'>declararatque</span> <span class='ocrx_word' id='word_1_18' title='bbox 645 749 725 824; x_wconf 87' lang='lat' dir='ltr'>satis</span> <span class='ocrx_word' id='word_1_19' title='bbox 741 753 947 845; x_wconf 87' lang='lat' dir='ltr'>opinionem</span> <span class='ocrx_word' id='word_1_20' title='bbox 967 751 1071 825; x_wconf 89' lang='lat' dir='ltr'>suam.</span> 
     </span>
     <span class='ocr_line' id='line_1_4' title="bbox 299 844 1448 947; baseline 0.012 -30"><span class='ocrx_word' id='word_1_21' title='bbox 299 844 465 918; x_wconf 81' lang='lat' dir='ltr'>xxxiii.</span> <span class='ocrx_word' id='word_1_22' title='bbox 489 845 621 943; x_wconf 89' lang='lat' dir='ltr'>Neque</span> <span class='ocrx_word' id='word_1_23' title='bbox 629 869 704 921; x_wconf 89' lang='lat' dir='ltr'>tum</span> <span class='ocrx_word' id='word_1_24' title='bbox 712 850 806 932; x_wconf 75' lang='lat' dir='ltr'>aliud</span> <span class='ocrx_word' id='word_1_25' title='bbox 823 847 1007 922; x_wconf 86' lang='lat' dir='ltr'>Excelitia.</span> <span class='ocrx_word' id='word_1_26' title='bbox 1023 847 1081 922; x_wconf 90' lang='lat' dir='ltr'>sua</span> <span class='ocrx_word' id='word_1_27' title='bbox 1098 851 1297 947; x_wconf 86' lang='lat' dir='ltr'><strong>replicavit,</strong></span> <span class='ocrx_word' id='word_1_28' title='bbox 1324 853 1448 930; x_wconf 80' lang='lat' dir='ltr'>&amp;Du-</span> 
     </span>
     <span class='ocr_line' id='line_1_5' title="bbox 234 941 1448 1041; baseline 0.01 -26"><span class='ocrx_word' id='word_1_29' title='bbox 234 942 843 1033; x_wconf 87' lang='lat' dir='ltr'>cemArscbotensemvocarisecit,</span> <span class='ocrx_word' id='word_1_30' title='bbox 857 969 928 1041; x_wconf 89' lang='lat' dir='ltr'>quo</span> <span class='ocrx_word' id='word_1_31' title='bbox 938 941 1023 1032; x_wconf 77' lang='lat' dir='ltr'>esset</span> <span class='ocrx_word' id='word_1_32' title='bbox 1031 945 1180 1040; x_wconf 88' lang='lat' dir='ltr'>praesens</span> <span class='ocrx_word' id='word_1_33' title='bbox 1192 952 1228 1021; x_wconf 91' lang='lat' dir='ltr'>in</span> <span class='ocrx_word' id='word_1_34' title='bbox 1238 949 1448 1027; x_wconf 89' lang='lat' dir='ltr'>resolutione</span> 
     </span>
     <span class='ocr_line' id='line_1_6' title="bbox 235 1039 1441 1140; baseline 0.011 -29"><span class='ocrx_word' id='word_1_35' title='bbox 235 1063 359 1132; x_wconf 89' lang='lat' dir='ltr'>quam</span> <span class='ocrx_word' id='word_1_36' title='bbox 382 1039 586 1114; x_wconf 83' lang='lat' dir='ltr'>intendebat</span> <span class='ocrx_word' id='word_1_37' title='bbox 607 1064 758 1136; x_wconf 88' lang='lat' dir='ltr'>capere,</span> <span class='ocrx_word' id='word_1_38' title='bbox 786 1039 834 1114; x_wconf 66' lang='grc' dir='ltr'>«ἃ</span> <span class='ocrx_word' id='word_1_39' title='bbox 861 1043 1037 1115; x_wconf 84' lang='lat' dir='ltr'>declarare</span> <span class='ocrx_word' id='word_1_40' title='bbox 1067 1041 1257 1140; x_wconf 83' lang='lat' dir='ltr'>superbae</span> <span class='ocrx_word' id='word_1_41' title='bbox 1289 1054 1441 1124; x_wconf 88' lang='lat' dir='ltr'>materia.</span> 
     </span>
     <span class='ocr_line' id='line_1_7' title="bbox 225 1133 1611 1242; baseline 0.006 -34"><span class='ocrx_word' id='word_1_42' title='bbox 225 1133 443 1212; x_wconf 77' lang='lat' dir='ltr'>,Venientes</span> <span class='ocrx_word' id='word_1_43' title='bbox 472 1159 587 1212; x_wconf 88' lang='lat' dir='ltr'>autem</span> <span class='ocrx_word' id='word_1_44' title='bbox 611 1136 696 1212; x_wconf 84' lang='lat' dir='ltr'>Dux</span> <span class='ocrx_word' id='word_1_45' title='bbox 713 1136 934 1224; x_wconf 84' lang='lat' dir='ltr'>Arscbotiae,</span> <span class='ocrx_word' id='word_1_46' title='bbox 959 1138 980 1178; x_wconf 79' lang='lat'><em>*</em></span> <span class='ocrx_word' id='word_1_47' title='bbox 1005 1137 1120 1211; x_wconf 91' lang='lat' dir='ltr'>Dnus.</span> <span class='ocrx_word' id='word_1_48' title='bbox 1137 1143 1180 1214; x_wconf 91' lang='lat' dir='ltr'>de</span> <span class='ocrx_word' id='word_1_49' title='bbox 1196 1142 1442 1242; x_wconf 89' lang='lat' dir='ltr'>Bariaymont,</span> <span class='ocrx_word' id='word_1_50' title='bbox 1481 1133 1611 1216; x_wconf 65' lang='lat' dir='ltr'>*Philip</span> 
     </span>
     <span class='ocr_line' id='line_1_8' title="bbox 239 1216 1572 1349; baseline 0.011 -45"><span class='ocrx_word' id='word_1_51' title='bbox 239 1231 455 1330; x_wconf 86' lang='lat' dir='ltr'>Praesesque</span> <span class='ocrx_word' id='word_1_52' title='bbox 471 1235 635 1328; x_wconf 84' lang='lat' dir='ltr'>Viglius,</span> <span class='ocrx_word' id='word_1_53' title='bbox 669 1233 706 1306; x_wconf 90' lang='lat'>&amp;</span> <span class='ocrx_word' id='word_1_54' title='bbox 723 1233 974 1310; x_wconf 70' lang='lat' dir='ltr'>&#39;l‘hesaurarius</span> <span class='ocrx_word' id='word_1_55' title='bbox 995 1232 1190 1324; x_wconf 81' lang='lat' dir='ltr'>Scbetfius,</span> <span class='ocrx_word' id='word_1_56' title='bbox 1215 1239 1352 1314; x_wconf 80' lang='lat' dir='ltr'>Ducem</span> <span class='ocrx_word' id='word_1_57' title='bbox 1376 1247 1448 1317; x_wconf 87' lang='lat' dir='ltr'>atii-</span> <span class='ocrx_word' id='word_1_58' title='bbox 1467 1227 1521 1349; x_wconf 44' lang='grc' dir='ltr'>ἐξ</span> <span class='ocrx_word' id='word_1_59' title='bbox 1540 1216 1572 1272; x_wconf 61' lang='lat'>⁴⁶</span> 
     </span>
     <span class='ocr_line' id='line_1_9' title="bbox 240 1311 1543 1428; baseline 0.011 -28"><span class='ocrx_word' id='word_1_60' title='bbox 240 1331 451 1426; x_wconf 71' lang='lat' dir='ltr'>vere,·qui</span> <span class='ocrx_word' id='word_1_61' title='bbox 470 1331 671 1404; x_wconf 85' lang='lat' dir='ltr'>absentibus</span> <span class='ocrx_word' id='word_1_62' title='bbox 695 1333 772 1406; x_wconf 87' lang='lat' dir='ltr'>aliis</span> <span class='ocrx_word' id='word_1_63' title='bbox 795 1331 1000 1427; x_wconf 88' lang='lat' dir='ltr'>proposuit,</span> <span class='ocrx_word' id='word_1_64' title='bbox 1026 1330 1061 1404; x_wconf 91' lang='lat' dir='ltr'>se</span> <span class='ocrx_word' id='word_1_65' title='bbox 1088 1331 1211 1428; x_wconf 87' lang='lat' dir='ltr'>saepius</span> <span class='ocrx_word' id='word_1_66' title='bbox 1237 1339 1272 1408; x_wconf 93' lang='lat' dir='ltr'>in</span> <span class='ocrx_word' id='word_1_67' title='bbox 1290 1337 1444 1414; x_wconf 83' lang='lat' dir='ltr'>Consilio</span> <span class='ocrx_word' id='word_1_68' title='bbox 1517 1311 1543 1368; x_wconf 76' lang='lat' dir='ltr'>i·</span> 
     </span>
     <span class='ocr_line' id='line_1_10' title="bbox 234 1423 1442 1528; baseline 0.009 -30"><span class='ocrx_word' id='word_1_69' title='bbox 234 1423 516 1502; x_wconf 78' lang='lat' dir='ltr'>communicasse</span> <span class='ocrx_word' id='word_1_70' title='bbox 536 1425 641 1522; x_wconf 88' lang='lat' dir='ltr'>super</span> <span class='ocrx_word' id='word_1_71' title='bbox 669 1429 827 1523; x_wconf 87' lang='lat' dir='ltr'>eoquod</span> <span class='ocrx_word' id='word_1_72' title='bbox 855 1430 1015 1502; x_wconf 79' lang='lat' dir='ltr'>elabente</span> <span class='ocrx_word' id='word_1_73' title='bbox 1034 1428 1196 1517; x_wconf 89' lang='lat' dir='ltr'>biennio,</span> <span class='ocrx_word' id='word_1_74' title='bbox 1222 1453 1295 1528; x_wconf 93' lang='lat' dir='ltr'>quo</span> <span class='ocrx_word' id='word_1_75' title='bbox 1312 1435 1442 1528; x_wconf 84' lang='lat' dir='ltr'>Quotae</span> 
     </span>
     <span class='ocr_line' id='line_1_11' title="bbox 240 1523 1443 1619; baseline 0.012 -25"><span class='ocrx_word' id='word_1_76' title='bbox 240 1525 477 1618; x_wconf 79' lang='lat' dir='ltr'>expirabant,</span> <span class='ocrx_word' id='word_1_77' title='bbox 502 1546 588 1619; x_wconf 88' lang='lat' dir='ltr'>quas</span> <span class='ocrx_word' id='word_1_78' title='bbox 606 1527 776 1595; x_wconf 86' lang='lat' dir='ltr'>inlocum</span> <span class='ocrx_word' id='word_1_79' title='bbox 800 1526 924 1596; x_wconf 80' lang='lat' dir='ltr'>Decimi</span> <span class='ocrx_word' id='word_1_80' title='bbox 943 1526 979 1598; x_wconf 74' lang='grc' dir='ltr'>δι</span> <span class='ocrx_word' id='word_1_81' title='bbox 998 1523 1145 1618; x_wconf 79' lang='lat' dir='ltr'>Vigestmi</span> <span class='ocrx_word' id='word_1_82' title='bbox 1165 1530 1443 1609; x_wconf 82' lang='lat' dir='ltr'>Denariisoivere</span> 
     </span>
     <span class='ocr_line' id='line_1_12' title="bbox 237 1619 1444 1718; baseline 0.009 -28"><span class='ocrx_word' id='word_1_83' title='bbox 237 1619 499 1712; x_wconf 85' lang='lat' dir='ltr'>promiserant,</span> <span class='ocrx_word' id='word_1_84' title='bbox 523 1623 567 1693; x_wconf 87' lang='lat' dir='ltr'>ad</span> <span class='ocrx_word' id='word_1_85' title='bbox 588 1621 914 1694; x_wconf 88' lang='lat' dir='ltr'>decimum-tertium</span> <span class='ocrx_word' id='word_1_86' title='bbox 933 1619 1055 1693; x_wconf 86' lang='lat' dir='ltr'>menfis</span> <span class='ocrx_word' id='word_1_87' title='bbox 1071 1622 1233 1718; x_wconf 86' lang='lat' dir='ltr'>Augusti,</span> <span class='ocrx_word' id='word_1_88' title='bbox 1254 1629 1347 1718; x_wconf 91' lang='lat' dir='ltr'>quod</span> <span class='ocrx_word' id='word_1_89' title='bbox 1359 1653 1444 1701; x_wconf 92' lang='lat' dir='ltr'>con-</span> 
     </span>
     <span class='ocr_line' id='line_1_13' title="bbox 237 1715 1442 1812; baseline 0.011 -26"><span class='ocrx_word' id='word_1_90' title='bbox 237 1717 416 1791; x_wconf 89' lang='lat' dir='ltr'>veniebat</span> <span class='ocrx_word' id='word_1_91' title='bbox 443 1716 686 1789; x_wconf 89' lang='lat' dir='ltr'>communibus</span> <span class='ocrx_word' id='word_1_92' title='bbox 718 1715 872 1789; x_wconf 83' lang='lat' dir='ltr'>Statibus</span> <span class='ocrx_word' id='word_1_93' title='bbox 897 1719 1099 1802; x_wconf 86' lang='lat' dir='ltr'>declarate,</span> <span class='ocrx_word' id='word_1_94' title='bbox 1132 1719 1217 1812; x_wconf 90' lang='lat' dir='ltr'>quid</span> <span class='ocrx_word' id='word_1_95' title='bbox 1244 1718 1442 1798; x_wconf 88' lang='lat' dir='ltr'>faciendum</span> 
     </span>
     <span class='ocr_line' id='line_1_14' title="bbox 74 1810 1442 1908; baseline 0.005 -19"><span class='ocrx_word' id='word_1_96' title='bbox 74 1870 76 1889; x_wconf 46' lang='lat'><em>2</em></span> <span class='ocrx_word' id='word_1_97' title='bbox 237 1810 426 1886; x_wconf 80' lang='lat' dir='ltr'>censerent</span> <span class='ocrx_word' id='word_1_98' title='bbox 443 1815 538 1886; x_wconf 88' lang='lat' dir='ltr'>circa</span> <span class='ocrx_word' id='word_1_99' title='bbox 553 1813 832 1908; x_wconf 75' lang='lat' dir='ltr'>praestationem,</span> <span class='ocrx_word' id='word_1_100' title='bbox 857 1813 1129 1907; x_wconf 77' lang='lat' dir='ltr'>ulterioremque</span> <span class='ocrx_word' id='word_1_101' title='bbox 1145 1817 1353 1891; x_wconf 84' lang='lat' dir='ltr'>auxiliorum</span> <span class='ocrx_word' id='word_1_102' title='bbox 1364 1819 1442 1896; x_wconf 91' lang='lat' dir='ltr'>sub·</span> 
     </span>
     <span class='ocr_line' id='line_1_15' title="bbox 75 1905 1443 2012; baseline 0.008 -32"><span class='ocrx_word' id='word_1_103' title='bbox 75 1928 76 1937; x_wconf 55' lang='lat'>¹</span> <span class='ocrx_word' id='word_1_104' title='bbox 223 1905 482 2004; x_wconf 79' lang='lat' dir='ltr'>,fidiorumque</span> <span class='ocrx_word' id='word_1_105' title='bbox 496 1907 705 1983; x_wconf 79' lang='lat' dir='ltr'>solutionem</span> <span class='ocrx_word' id='word_1_106' title='bbox 718 1932 782 2003; x_wconf 90' lang='lat' dir='ltr'>per</span> <span class='ocrx_word' id='word_1_107' title='bbox 799 1931 860 1982; x_wconf 89' lang='lat' dir='ltr'>eos</span> <span class='ocrx_word' id='word_1_108' title='bbox 877 1907 1139 2005; x_wconf 85' lang='lat' dir='ltr'>promissorum:</span> <span class='ocrx_word' id='word_1_109' title='bbox 1166 1911 1327 1988; x_wconf 88' lang='lat' dir='ltr'>dicensse</span> <span class='ocrx_word' id='word_1_110' title='bbox 1343 1915 1443 2012; x_wconf 84' lang='lat' dir='ltr'>figni-</span> 
     </span>
     <span class='ocr_line' id='line_1_16' title="bbox 74 2002 1440 2107; baseline 0.01 -36"><span class='ocrx_word' id='word_1_111' title='bbox 74 2058 75 2071; x_wconf 70' lang='grc'>,</span> <span class='ocrx_word' id='word_1_112' title='bbox 237 2002 359 2080; x_wconf 83' lang='lat' dir='ltr'>ficaffe</span> <span class='ocrx_word' id='word_1_113' title='bbox 386 2006 509 2100; x_wconf 85' lang='lat' dir='ltr'>Regiae</span> <span class='ocrx_word' id='word_1_114' title='bbox 536 2003 736 2101; x_wconf 74' lang='lat' dir='ltr'>Maiestati,</span> <span class='ocrx_word' id='word_1_115' title='bbox 760 2009 797 2080; x_wconf 90' lang='lat' dir='ltr'>id</span> <span class='ocrx_word' id='word_1_116' title='bbox 819 2007 914 2101; x_wconf 92' lang='lat' dir='ltr'>quod</span> <span class='ocrx_word' id='word_1_117' title='bbox 933 2003 1115 2079; x_wconf 65' lang='lat' dir='ltr'>crassatum</span> <span class='ocrx_word' id='word_1_118' title='bbox 1139 2027 1212 2082; x_wconf 89' lang='lat' dir='ltr'>erat</span> <span class='ocrx_word' id='word_1_119' title='bbox 1228 2011 1272 2084; x_wconf 92' lang='lat' dir='ltr'>de</span> <span class='ocrx_word' id='word_1_120' title='bbox 1289 2011 1440 2107; x_wconf 83' lang='lat' dir='ltr'>Qumis,</span> 
     </span>
     <span class='ocr_line' id='line_1_17' title="bbox 76 2099 1441 2203; baseline 0.007 -28"><span class='ocrx_word' id='word_1_121' title='bbox 76 2133 77 2145; x_wconf 52' lang='lat'>¹</span> <span class='ocrx_word' id='word_1_122' title='bbox 226 2100 304 2178; x_wconf 75' lang='lat' dir='ltr'>sed</span> <span class='ocrx_word' id='word_1_123' title='bbox 323 2105 357 2179; x_wconf 88' lang='lat' dir='ltr'>ei</span> <span class='ocrx_word' id='word_1_124' title='bbox 376 2105 473 2176; x_wconf 89' lang='lat' dir='ltr'>nullo</span> <span class='ocrx_word' id='word_1_125' title='bbox 486 2103 593 2175; x_wconf 90' lang='lat' dir='ltr'>modo</span> <span class='ocrx_word' id='word_1_126' title='bbox 607 2099 795 2197; x_wconf 79' lang='lat' dir='ltr'>placuisse,</span> <span class='ocrx_word' id='word_1_127' title='bbox 819 2123 859 2176; x_wconf 90' lang='lat' dir='ltr'>ut</span> <span class='ocrx_word' id='word_1_128' title='bbox 876 2105 944 2176; x_wconf 85' lang='lat' dir='ltr'>ilia</span> <span class='ocrx_word' id='word_1_129' title='bbox 961 2123 1030 2196; x_wconf 92' lang='lat' dir='ltr'>pro</span> <span class='ocrx_word' id='word_1_130' title='bbox 1046 2126 1197 2197; x_wconf 86' lang='lat' dir='ltr'>quatuor</span> <span class='ocrx_word' id='word_1_131' title='bbox 1219 2105 1441 2203; x_wconf 82' lang='lat' dir='ltr'>sequentibus</span> 
     </span>
     <span class='ocr_line' id='line_1_18' title="bbox 74 2195 1440 2301; baseline 0.008 -32"><span class='ocrx_word' id='word_1_132' title='bbox 74 2198 77 2231; x_wconf 69' lang='lat'><em>³</em></span> <span class='ocrx_word' id='word_1_133' title='bbox 238 2205 348 2272; x_wconf 85' lang='lat' dir='ltr'>annis</span> <span class='ocrx_word' id='word_1_134' title='bbox 364 2201 662 2274; x_wconf 76' lang='lat' dir='ltr'>continuarentur.</span> <span class='ocrx_word' id='word_1_135' title='bbox 699 2197 776 2270; x_wconf 92' lang='lat' dir='ltr'>Sibi</span> <span class='ocrx_word' id='word_1_136' title='bbox 792 2223 932 2295; x_wconf 91' lang='lat' dir='ltr'>quoque</span> <span class='ocrx_word' id='word_1_137' title='bbox 946 2199 1044 2270; x_wconf 92' lang='lat' dir='ltr'>nullo</span> <span class='ocrx_word' id='word_1_138' title='bbox 1062 2195 1166 2295; x_wconf 72' lang='lat' dir='ltr'>padio</span> <span class='ocrx_word' id='word_1_139' title='bbox 1180 2203 1314 2289; x_wconf 90' lang='lat' dir='ltr'>videri,</span> <span class='ocrx_word' id='word_1_140' title='bbox 1341 2207 1440 2301; x_wconf 92' lang='lat' dir='ltr'>quod</span> 
     </span>
    </p>

    <p class='ocr_par' dir='ltr' id='par_1_3' title="bbox 75 2295 1440 2493">
     <span class='ocr_line' id='line_1_19' title="bbox 228 2295 1440 2463; baseline 0.007 -93"><span class='ocrx_word' id='word_1_141' title='bbox 228 2317 313 2392; x_wconf 79' lang='lat' dir='ltr'>per</span> <span class='ocrx_word' id='word_1_142' title='bbox 335 2317 458 2391; x_wconf 78' lang='lat' dir='ltr'>quotae</span> <span class='ocrx_word' id='word_1_143' title='bbox 482 2296 649 2393; x_wconf 85' lang='lat' dir='ltr'>deinceps</span> <span class='ocrx_word' id='word_1_144' title='bbox 673 2295 905 2390; x_wconf 87' lang='lat' dir='ltr'>procedatur,</span> <span class='ocrx_word' id='word_1_145' title='bbox 929 2312 1065 2411; x_wconf 80' lang='lat' dir='ltr'>attento</span> <span class='ocrx_word' id='word_1_146' title='bbox 1088 2297 1183 2463; x_wconf 73' lang='lat' dir='ltr'>puori</span> <span class='ocrx_word' id='word_1_147' title='bbox 1203 2319 1268 2392; x_wconf 91' lang='lat' dir='ltr'>per</span> <span class='ocrx_word' id='word_1_148' title='bbox 1282 2301 1354 2376; x_wconf 91' lang='lat' dir='ltr'>hoc</span> <span class='ocrx_word' id='word_1_149' title='bbox 1369 2325 1440 2378; x_wconf 88' lang='lat' dir='ltr'>ma-</span> 
     </span>
     <span class='ocr_line' id='line_1_20' title="bbox 75 2393 1439 2493; baseline 0.006 -30"><span class='ocrx_word' id='word_1_150' title='bbox 75 2412 76 2421; x_wconf 54' lang='lat'>¹</span> <span class='ocrx_word' id='word_1_151' title='bbox 226 2413 337 2490; x_wconf 74' lang='lat' dir='ltr'>,gnus</span> <span class='ocrx_word' id='word_1_152' title='bbox 367 2394 404 2465; x_wconf 90' lang='lat' dir='ltr'>in</span> <span class='ocrx_word' id='word_1_153' title='bbox 444 2393 580 2488; x_wconf 88' lang='lat' dir='ltr'>populo</span> <span class='ocrx_word' id='word_1_154' title='bbox 611 2413 731 2464; x_wconf 87' lang='lat' dir='ltr'>rumor</span> <span class='ocrx_word' id='word_1_155' title='bbox 763 2394 958 2477; x_wconf 86' lang='lat' dir='ltr'>excitetur,</span> <span class='ocrx_word' id='word_1_156' title='bbox 983 2413 1065 2464; x_wconf 90' lang='lat' dir='ltr'>curn</span> <span class='ocrx_word' id='word_1_157' title='bbox 1103 2393 1219 2466; x_wconf 81' lang='lat' dir='ltr'>cilicet</span> <span class='ocrx_word' id='word_1_158' title='bbox 1243 2394 1326 2470; x_wconf 90' lang='lat' dir='ltr'>sciat</span> <span class='ocrx_word' id='word_1_159' title='bbox 1350 2400 1439 2493; x_wconf 92' lang='lat' dir='ltr'>quid</span> 
     </span>
    </p>

    <p class='ocr_par' dir='ltr' id='par_1_4' title="bbox 237 2485 1436 2584">
     <span class='ocr_line' id='line_1_21' title="bbox 237 2485 1436 2584; baseline 0.004 -22"><span class='ocrx_word' id='word_1_160' title='bbox 237 2491 399 2562; x_wconf 72' lang='lat' dir='ltr'>donmur</span> <span class='ocrx_word' id='word_1_161' title='bbox 424 2511 433 2562; x_wconf 73' lang='grc' dir='ltr'><em>τ</em></span> <span class='ocrx_word' id='word_1_162' title='bbox 468 2491 558 2561; x_wconf 85' lang='lat' dir='ltr'>ultra</span> <span class='ocrx_word' id='word_1_163' title='bbox 579 2485 799 2580; x_wconf 55' lang='lat' dir='ltr'>difficuhates</span> <span class='ocrx_word' id='word_1_164' title='bbox 827 2489 967 2584; x_wconf 85' lang='lat' dir='ltr'>quaein</span> <span class='ocrx_word' id='word_1_165' title='bbox 1001 2486 1248 2564; x_wconf 75' lang='lat' dir='ltr'>coliediatione</span> <span class='ocrx_word' id='word_1_166' title='bbox 1265 2491 1436 2567; x_wconf 71' lang='lat' dir='ltr'>distarem</span> 
     </span>
    </p>
   </div>
   <div class='ocr_carea' id='block_1_3' title="bbox 238 2581 1437 2758">
    <p class='ocr_par' dir='ltr' id='par_1_5' title="bbox 238 2581 1437 2758">
     <span class='ocr_line' id='line_1_22' title="bbox 238 2581 1437 2758; baseline 0.007 -103"><span class='ocrx_word' id='word_1_167' title='bbox 238 2584 445 2678; x_wconf 89' lang='lat' dir='ltr'>Quotarum</span> <span class='ocrx_word' id='word_1_168' title='bbox 455 2605 662 2672; x_wconf 88' lang='lat' dir='ltr'>occurrunt,</span> <span class='ocrx_word' id='word_1_169' title='bbox 686 2581 769 2656; x_wconf 89' lang='lat' dir='ltr'>dum</span> <span class='ocrx_word' id='word_1_170' title='bbox 790 2584 834 2656; x_wconf 91' lang='lat' dir='ltr'>de</span> <span class='ocrx_word' id='word_1_171' title='bbox 851 2581 932 2679; x_wconf 84' lang='lat' dir='ltr'>ipsis</span> <span class='ocrx_word' id='word_1_172' title='bbox 947 2581 1071 2656; x_wconf 85' lang='lat' dir='ltr'>Status·</span> <span class='ocrx_word' id='word_1_173' title='bbox 1085 2585 1176 2657; x_wconf 90' lang='lat' dir='ltr'>inter</span> <span class='ocrx_word' id='word_1_174' title='bbox 1195 2583 1437 2758; x_wconf 56' lang='lat' dir='ltr'>se-disputant,</span> 
     </span>
    </p>
   </div>
   <div class='ocr_carea' id='block_1_4' title="bbox 83 2679 1539 4508">
    <p class='ocr_par' dir='ltr' id='par_1_6' title="bbox 83 2679 1462 2776">
     <span class='ocr_line' id='line_1_23' title="bbox 83 2679 1462 2776; baseline 0.001 -18"><span class='ocrx_word' id='word_1_175' title='bbox 83 2692 87 2699; x_wconf 85' lang='grc'><strong>’</strong></span> <span class='ocrx_word' id='word_1_176' title='bbox 228 2683 284 2758; x_wconf 85' lang='lat'>·&amp;</span> <span class='ocrx_word' id='word_1_177' title='bbox 309 2681 521 2776; x_wconf 87' lang='lat' dir='ltr'>quietancias</span> <span class='ocrx_word' id='word_1_178' title='bbox 541 2683 677 2754; x_wconf 90' lang='lat' dir='ltr'>illarum</span> <span class='ocrx_word' id='word_1_179' title='bbox 692 2679 782 2774; x_wconf 89' lang='lat' dir='ltr'>pleri</span> <span class='ocrx_word' id='word_1_180' title='bbox 809 2703 854 2752; x_wconf 87' lang='lat' dir='ltr'>ue</span> <span class='ocrx_word' id='word_1_181' title='bbox 872 2681 1055 2776; x_wconf 89' lang='lat' dir='ltr'>requirunt</span> <span class='ocrx_word' id='word_1_182' title='bbox 1067 2687 1083 2764; x_wconf 84' lang='lat'>3&#39;</span> <span class='ocrx_word' id='word_1_183' title='bbox 1104 2679 1196 2756; x_wconf 88' lang='lat' dir='ltr'>unde</span> <span class='ocrx_word' id='word_1_184' title='bbox 1211 2707 1277 2756; x_wconf 91' lang='lat' dir='ltr'>con</span> <span class='ocrx_word' id='word_1_185' title='bbox 1310 2687 1438 2762; x_wconf 87' lang='lat' dir='ltr'>ituerat</span> <span class='ocrx_word' id='word_1_186' title='bbox 1458 2761 1462 2770; x_wconf 81' lang='grc'>,</span> 
     </span>
    </p>

    <p class='ocr_par' dir='ltr' id='par_1_7' title="bbox 230 2705 1438 2872">
     <span class='ocr_line' id='line_1_24' title="bbox 230 2705 1438 2872; baseline 0.005 -22"><span class='ocrx_word' id='word_1_187' title='bbox 230 2799 378 2850; x_wconf 86' lang='lat' dir='ltr'>nonam</span> <span class='ocrx_word' id='word_1_188' title='bbox 404 2781 474 2853; x_wconf 86' lang='lat' dir='ltr'>lius</span> <span class='ocrx_word' id='word_1_189' title='bbox 495 2775 570 2849; x_wconf 89' lang='lat' dir='ltr'>fere</span> <span class='ocrx_word' id='word_1_190' title='bbox 587 2778 708 2850; x_wconf 87' lang='lat' dir='ltr'>audire</span> <span class='ocrx_word' id='word_1_191' title='bbox 729 2705 919 2872; x_wconf 42' lang='lat' dir='ltr'>quidquam</span> <span class='ocrx_word' id='word_1_192' title='bbox 935 2780 978 2849; x_wconf 91' lang='lat' dir='ltr'>de</span> <span class='ocrx_word' id='word_1_193' title='bbox 1029 2778 1139 2864; x_wconf 88' lang='lat' dir='ltr'>uotis,</span> <span class='ocrx_word' id='word_1_194' title='bbox 1164 2801 1288 2854; x_wconf 88' lang='lat' dir='ltr'>vetum</span> <span class='ocrx_word' id='word_1_195' title='bbox 1311 2782 1438 2856; x_wconf 78' lang='lat' dir='ltr'>iristste·</span> 
     </span>
    </p>

    <p class='ocr_par' dir='ltr' id='par_1_8' title="bbox 227 2801 1435 3064">
     <span class='ocr_line' id='line_1_25' title="bbox 227 2801 1435 2970; baseline 0.002 -22"><span class='ocrx_word' id='word_1_196' title='bbox 227 2897 283 2948; x_wconf 78' lang='lat' dir='ltr'>re</span> <span class='ocrx_word' id='word_1_197' title='bbox 298 2801 479 2948; x_wconf 52' lang='lat' dir='ltr'>conignsui</span> <span class='ocrx_word' id='word_1_198' title='bbox 512 2897 551 2946; x_wconf 90' lang='lat' dir='ltr'>er</span> <span class='ocrx_word' id='word_1_199' title='bbox 566 2871 686 2946; x_wconf 88' lang='lat' dir='ltr'>Status</span> <span class='ocrx_word' id='word_1_200' title='bbox 710 2869 806 2947; x_wconf 71' lang='lat' dir='ltr'>fatto</span> <span class='ocrx_word' id='word_1_201' title='bbox 824 2874 868 2946; x_wconf 91' lang='lat' dir='ltr'>de</span> <span class='ocrx_word' id='word_1_202' title='bbox 886 2875 1041 2957; x_wconf 81' lang='lat' dir='ltr'>Decimi,</span> <span class='ocrx_word' id='word_1_203' title='bbox 1075 2872 1278 2970; x_wconf 78' lang='lat' dir='ltr'>Vrgefimique</span> <span class='ocrx_word' id='word_1_204' title='bbox 1300 2879 1435 2952; x_wconf 81' lang='lat' dir='ltr'>Deretii</span> 
     </span>
     <span class='ocr_line' id='line_1_26' title="bbox 234 2896 1434 3064; baseline 0.005 -20"><span class='ocrx_word' id='word_1_205' title='bbox 234 2969 423 3045; x_wconf 86' lang='lat' dir='ltr'>solutione.</span> <span class='ocrx_word' id='word_1_206' title='bbox 473 2896 523 3043; x_wconf 59' lang='grc' dir='ltr'>ἔτ</span> <span class='ocrx_word' id='word_1_207' title='bbox 541 2971 632 3042; x_wconf 81' lang='lat' dir='ltr'>iicet</span> <span class='ocrx_word' id='word_1_208' title='bbox 655 2968 852 3044; x_wconf 72' lang='lat' dir='ltr'>coliestatio</span> <span class='ocrx_word' id='word_1_209' title='bbox 878 2963 1031 3064; x_wconf 70' lang='lat' dir='ltr'>ipsorum</span> <span class='ocrx_word' id='word_1_210' title='bbox 1058 2991 1129 3040; x_wconf 91' lang='lat' dir='ltr'>non</span> <span class='ocrx_word' id='word_1_211' title='bbox 1157 2967 1360 3049; x_wconf 88' lang='lat' dir='ltr'>ascenderet</span> <span class='ocrx_word' id='word_1_212' title='bbox 1387 2979 1434 3050; x_wconf 92' lang='lat' dir='ltr'>ad</span> 
     </span>
    </p>

    <p class='ocr_par' dir='ltr' id='par_1_9' title="bbox 133 3066 1434 3160">
     <span class='ocr_line' id='line_1_27' title="bbox 133 3066 1434 3160; baseline 0.002 -20"><span class='ocrx_word' id='word_1_213' title='bbox 133 3105 137 3115; x_wconf 90' lang='lat'><em>·</em></span> <span class='ocrx_word' id='word_1_214' title='bbox 233 3089 348 3140; x_wconf 87' lang='lat' dir='ltr'>unum</span> <span class='ocrx_word' id='word_1_215' title='bbox 368 3068 557 3141; x_wconf 89' lang='lat' dir='ltr'>millionem</span> <span class='ocrx_word' id='word_1_216' title='bbox 571 3089 637 3160; x_wconf 92' lang='lat' dir='ltr'>per</span> <span class='ocrx_word' id='word_1_217' title='bbox 656 3089 783 3138; x_wconf 86' lang='lat' dir='ltr'>annum</span> <span class='ocrx_word' id='word_1_218' title='bbox 804 3068 841 3139; x_wconf 92' lang='lat' dir='ltr'>in</span> <span class='ocrx_word' id='word_1_219' title='bbox 864 3066 947 3140; x_wconf 89' lang='lat' dir='ltr'>loto</span> <span class='ocrx_word' id='word_1_220' title='bbox 967 3069 1117 3138; x_wconf 89' lang='lat' dir='ltr'>duorum</span> <span class='ocrx_word' id='word_1_221' title='bbox 1133 3088 1222 3159; x_wconf 92' lang='lat' dir='ltr'>quos</span> <span class='ocrx_word' id='word_1_222' title='bbox 1239 3067 1356 3143; x_wconf 91' lang='lat' dir='ltr'>Status</span> <span class='ocrx_word' id='word_1_223' title='bbox 1378 3095 1434 3144; x_wconf 89' lang='lat' dir='ltr'>an-</span> 
     </span>
    </p>

    <p class='ocr_par' dir='ltr' id='par_1_10' title="bbox 217 3155 1434 4124">
     <span class='ocr_line' id='line_1_28' title="bbox 224 3155 1433 3327; baseline -0.002 -87"><span class='ocrx_word' id='word_1_224' title='bbox 224 3184 300 3240; x_wconf 78' lang='lat' dir='ltr'>tea</span> <span class='ocrx_word' id='word_1_225' title='bbox 329 3164 529 3238; x_wconf 87' lang='lat' dir='ltr'>obtulerant</span> <span class='ocrx_word' id='word_1_226' title='bbox 545 3184 614 3256; x_wconf 90' lang='lat' dir='ltr'>pro</span> <span class='ocrx_word' id='word_1_227' title='bbox 631 3163 870 3258; x_wconf 84' lang='lat' dir='ltr'>redemptione</span> <span class='ocrx_word' id='word_1_228' title='bbox 898 3163 1024 3235; x_wconf 82' lang='lat' dir='ltr'>Decimi</span> <span class='ocrx_word' id='word_1_229' title='bbox 1040 3155 1087 3240; x_wconf 64' lang='lat' dir='ltr'>“fis</span> <span class='ocrx_word' id='word_1_230' title='bbox 1110 3161 1257 3327; x_wconf 56' lang='lat' dir='ltr'>lfrpeſsni</span> <span class='ocrx_word' id='word_1_231' title='bbox 1276 3168 1411 3239; x_wconf 81' lang='lat' dir='ltr'>Denarit&#39;</span> <span class='ocrx_word' id='word_1_232' title='bbox 1422 3223 1433 3258; x_wconf 88' lang='lat'>,</span> 
     </span>
     <span class='ocr_line' id='line_1_29' title="bbox 217 3255 1433 3352; baseline 0 -16"><span class='ocrx_word' id='word_1_233' title='bbox 217 3279 442 3336; x_wconf 68' lang='lat' dir='ltr'>«tomentum</span> <span class='ocrx_word' id='word_1_234' title='bbox 468 3257 505 3332; x_wconf 91' lang='lat' dir='ltr'>se</span> <span class='ocrx_word' id='word_1_235' title='bbox 530 3279 643 3330; x_wconf 86' lang='lat' dir='ltr'>tamen</span> <span class='ocrx_word' id='word_1_236' title='bbox 667 3261 777 3352; x_wconf 86' lang='lat' dir='ltr'>magis</span> <span class='ocrx_word' id='word_1_237' title='bbox 807 3255 885 3329; x_wconf 89' lang='lat' dir='ltr'>sore</span> <span class='ocrx_word' id='word_1_238' title='bbox 911 3280 956 3330; x_wconf 88' lang='lat' dir='ltr'>eo</span> <span class='ocrx_word' id='word_1_239' title='bbox 988 3257 1085 3349; x_wconf 90' lang='lat' dir='ltr'>quod</span> <span class='ocrx_word' id='word_1_240' title='bbox 1103 3256 1138 3328; x_wconf 91' lang='lat' dir='ltr'>in</span> <span class='ocrx_word' id='word_1_241' title='bbox 1165 3263 1433 3352; x_wconf 87' lang='lat' dir='ltr'>eprocederet,</span> 
     </span>
     <span class='ocr_line' id='line_1_30' title="bbox 221 3351 1434 3452; baseline 0 -19"><span class='ocrx_word' id='word_1_242' title='bbox 221 3356 344 3452; x_wconf 67' lang='lat' dir='ltr'>‚quam</span> <span class='ocrx_word' id='word_1_243' title='bbox 368 3353 467 3430; x_wconf 75' lang='lat' dir='ltr'>ditiis</span> <span class='ocrx_word' id='word_1_244' title='bbox 485 3355 627 3450; x_wconf 84' lang='lat' dir='ltr'>Quotis.</span> <span class='ocrx_word' id='word_1_245' title='bbox 679 3352 789 3441; x_wconf 85' lang='lat' dir='ltr'>Quod</span> <span class='ocrx_word' id='word_1_246' title='bbox 806 3373 924 3426; x_wconf 91' lang='lat' dir='ltr'>autem</span> <span class='ocrx_word' id='word_1_247' title='bbox 943 3372 1045 3422; x_wconf 88' lang='lat' dir='ltr'>antea</span> <span class='ocrx_word' id='word_1_248' title='bbox 1059 3351 1260 3444; x_wconf 89' lang='lat' dir='ltr'>promiserat</span> <span class='ocrx_word' id='word_1_249' title='bbox 1279 3357 1434 3434; x_wconf 85' lang='lat' dir='ltr'>Statibus</span> 
     </span>
     <span class='ocr_line' id='line_1_31' title="bbox 233 3444 1431 3548; baseline 0.002 -22"><span class='ocrx_word' id='word_1_250' title='bbox 233 3457 276 3526; x_wconf 85' lang='lat' dir='ltr'>in</span> <span class='ocrx_word' id='word_1_251' title='bbox 292 3453 535 3548; x_wconf 86' lang='lat' dir='ltr'>acceptatione</span> <span class='ocrx_word' id='word_1_252' title='bbox 562 3450 738 3529; x_wconf 80' lang='lat' dir='ltr'>Decimi&amp;</span> <span class='ocrx_word' id='word_1_253' title='bbox 761 3444 908 3542; x_wconf 81' lang='lat' dir='ltr'>Vigestmi</span> <span class='ocrx_word' id='word_1_254' title='bbox 934 3447 1089 3532; x_wconf 76' lang='lat' dir='ltr'>Decimii,</span> <span class='ocrx_word' id='word_1_255' title='bbox 1114 3448 1311 3524; x_wconf 84' lang='lat' dir='ltr'>habiturum</span> <span class='ocrx_word' id='word_1_256' title='bbox 1329 3454 1362 3527; x_wconf 91' lang='lat' dir='ltr'>se</span> <span class='ocrx_word' id='word_1_257' title='bbox 1380 3479 1431 3528; x_wconf 91' lang='lat' dir='ltr'>re·</span> 
     </span>
     <span class='ocr_line' id='line_1_32' title="bbox 232 3539 1430 3640; baseline 0.002 -16"><span class='ocrx_word' id='word_1_258' title='bbox 232 3549 259 3624; x_wconf 93' lang='lat' dir='ltr'>s</span> <span class='ocrx_word' id='word_1_259' title='bbox 278 3547 393 3622; x_wconf 76' lang='lat' dir='ltr'>etium</span> <span class='ocrx_word' id='word_1_260' title='bbox 425 3549 471 3620; x_wconf 86' lang='lat' dir='ltr'>ad</span> <span class='ocrx_word' id='word_1_261' title='bbox 493 3571 534 3621; x_wconf 86' lang='lat' dir='ltr'>ea</span> <span class='ocrx_word' id='word_1_262' title='bbox 566 3567 646 3640; x_wconf 87' lang='lat' dir='ltr'>quae</span> <span class='ocrx_word' id='word_1_263' title='bbox 670 3541 735 3635; x_wconf 81' lang='lat' dir='ltr'>ipsi</span> <span class='ocrx_word' id='word_1_264' title='bbox 761 3539 1017 3637; x_wconf 83' lang='lat' dir='ltr'>exposuerant,</span> <span class='ocrx_word' id='word_1_265' title='bbox 1041 3541 1143 3638; x_wconf 88' lang='lat' dir='ltr'>super</span> <span class='ocrx_word' id='word_1_266' title='bbox 1168 3547 1430 3628; x_wconf 88' lang='lat' dir='ltr'>conservatione</span> 
     </span>
     <span class='ocr_line' id='line_1_33' title="bbox 231 3573 1430 3740; baseline 0.003 -22"><span class='ocrx_word' id='word_1_267' title='bbox 231 3573 449 3718; x_wconf 50' lang='lat' dir='ltr'>gomercii</span> <span class='ocrx_word' id='word_1_268' title='bbox 469 3643 507 3717; x_wconf 91' lang='lat'>&amp;</span> <span class='ocrx_word' id='word_1_269' title='bbox 523 3639 876 3740; x_wconf 68' lang='lat' dir='ltr'>manu-sassurarum3</span> <span class='ocrx_word' id='word_1_270' title='bbox 901 3637 1060 3724; x_wconf 87' lang='lat' dir='ltr'>dicebat,</span> <span class='ocrx_word' id='word_1_271' title='bbox 1085 3638 1118 3711; x_wconf 88' lang='lat' dir='ltr'>se</span> <span class='ocrx_word' id='word_1_272' title='bbox 1135 3643 1228 3714; x_wconf 90' lang='lat' dir='ltr'>adid</span> <span class='ocrx_word' id='word_1_273' title='bbox 1245 3645 1430 3738; x_wconf 82' lang='lat' dir='ltr'>providisse</span> 
     </span>
     <span class='ocr_line' id='line_1_34' title="bbox 229 3737 1430 3838; baseline 0.002 -26"><span class='ocrx_word' id='word_1_274' title='bbox 229 3763 299 3838; x_wconf 88' lang='lat' dir='ltr'>per</span> <span class='ocrx_word' id='word_1_275' title='bbox 329 3737 609 3820; x_wconf 86' lang='lat' dir='ltr'>moderationes,</span> <span class='ocrx_word' id='word_1_276' title='bbox 634 3756 698 3830; x_wconf 88' lang='lat' dir='ltr'>per</span> <span class='ocrx_word' id='word_1_277' title='bbox 728 3757 813 3830; x_wconf 85' lang='lat' dir='ltr'>quas</span> <span class='ocrx_word' id='word_1_278' title='bbox 831 3737 1020 3809; x_wconf 76' lang='lat' dir='ltr'>declararet</span> <span class='ocrx_word' id='word_1_279' title='bbox 1040 3737 1135 3828; x_wconf 92' lang='lat' dir='ltr'>quod</span> <span class='ocrx_word' id='word_1_280' title='bbox 1157 3739 1305 3810; x_wconf 84' lang='lat' dir='ltr'>Decimus</span> <span class='ocrx_word' id='word_1_281' title='bbox 1322 3743 1430 3814; x_wconf 83' lang='lat' dir='ltr'>Dena-</span> 
     </span>
     <span class='ocr_line' id='line_1_35' title="bbox 220 3830 1430 3934; baseline 0.002 -24"><span class='ocrx_word' id='word_1_282' title='bbox 220 3841 302 3915; x_wconf 80' lang='lat' dir='ltr'>,rim</span> <span class='ocrx_word' id='word_1_283' title='bbox 320 3835 424 3910; x_wconf 89' lang='lat' dir='ltr'>semel</span> <span class='ocrx_word' id='word_1_284' title='bbox 440 3832 573 3923; x_wconf 80' lang='lat' dir='ltr'>tantbm</span> <span class='ocrx_word' id='word_1_285' title='bbox 588 3831 804 3914; x_wconf 85' lang='lat' dir='ltr'>solveretur,</span> <span class='ocrx_word' id='word_1_286' title='bbox 830 3833 868 3907; x_wconf 74' lang='grc' dir='ltr'>δι</span> <span class='ocrx_word' id='word_1_287' title='bbox 892 3833 936 3905; x_wconf 87' lang='lat' dir='ltr'>de</span> <span class='ocrx_word' id='word_1_288' title='bbox 954 3833 1117 3926; x_wconf 72' lang='lat' dir='ltr'>operibus</span> <span class='ocrx_word' id='word_1_289' title='bbox 1128 3830 1342 3908; x_wconf 87' lang='lat' dir='ltr'>solummodo</span> <span class='ocrx_word' id='word_1_290' title='bbox 1350 3865 1430 3934; x_wconf 84' lang='lat' dir='ltr'>quae</span> 
     </span>
     <span class='ocr_line' id='line_1_36' title="bbox 223 3925 1431 4028; baseline 0.002 -20"><span class='ocrx_word' id='word_1_291' title='bbox 223 3933 279 4008; x_wconf 85' lang='lat' dir='ltr'>ad</span> <span class='ocrx_word' id='word_1_292' title='bbox 296 3930 549 4028; x_wconf 74' lang='lat' dir='ltr'>perfeetionem</span> <span class='ocrx_word' id='word_1_293' title='bbox 567 3951 663 4004; x_wconf 89' lang='lat' dir='ltr'>etant</span> <span class='ocrx_word' id='word_1_294' title='bbox 681 3925 840 4002; x_wconf 69' lang='lat' dir='ltr'>addusia.</span> <span class='ocrx_word' id='word_1_295' title='bbox 891 3926 935 4000; x_wconf 93' lang='lat' dir='ltr'>Id</span> <span class='ocrx_word' id='word_1_296' title='bbox 951 3929 1134 4021; x_wconf 87' lang='lat' dir='ltr'>quoderat</span> <span class='ocrx_word' id='word_1_297' title='bbox 1153 3931 1361 4024; x_wconf 79' lang='lat' dir='ltr'>beneficium</span> <span class='ocrx_word' id='word_1_298' title='bbox 1382 3939 1431 4011; x_wconf 86' lang='lat' dir='ltr'>ita</span> 
     </span>
     <span class='ocr_line' id='line_1_37' title="bbox 229 4022 1205 4124; baseline 0.001 -24"><span class='ocrx_word' id='word_1_299' title='bbox 229 4051 360 4119; x_wconf 64' lang='lat' dir='ltr'>anagnu</span> <span class='ocrx_word' id='word_1_300' title='bbox 405 4079 416 4112; x_wconf 94' lang='lat'>,</span> <span class='ocrx_word' id='word_1_301' title='bbox 439 4050 480 4102; x_wconf 90' lang='lat' dir='ltr'>ut</span> <span class='ocrx_word' id='word_1_302' title='bbox 493 4024 589 4124; x_wconf 87' lang='lat' dir='ltr'>quast</span> <span class='ocrx_word' id='word_1_303' title='bbox 605 4028 650 4100; x_wconf 93' lang='lat' dir='ltr'>de</span> <span class='ocrx_word' id='word_1_304' title='bbox 671 4049 799 4098; x_wconf 89' lang='lat' dir='ltr'>novem</span> <span class='ocrx_word' id='word_1_305' title='bbox 816 4022 1013 4098; x_wconf 87' lang='lat' dir='ltr'>remittebat</span> <span class='ocrx_word' id='word_1_306' title='bbox 1029 4025 1205 4101; x_wconf 85' lang='lat' dir='ltr'>decimam.</span> 
     </span>
    </p>

    <p class='ocr_par' dir='ltr' id='par_1_11' title="bbox 92 4054 1539 4508">
     <span class='ocr_line' id='line_1_38' title="bbox 92 4054 1427 4220; baseline 0.002 -24"><span class='ocrx_word' id='word_1_307' title='bbox 92 4119 97 4132; x_wconf 81' lang='grc'><strong>’</strong></span> <span class='ocrx_word' id='word_1_308' title='bbox 283 4054 489 4204; x_wconf 52' lang='lat' dir='ltr'>xxiii„</span> <span class='ocrx_word' id='word_1_309' title='bbox 501 4125 614 4220; x_wconf 78' lang='lat' dir='ltr'>Super</span> <span class='ocrx_word' id='word_1_310' title='bbox 629 4145 702 4218; x_wconf 91' lang='lat' dir='ltr'>quo</span> <span class='ocrx_word' id='word_1_311' title='bbox 722 4125 848 4216; x_wconf 82' lang='lat' dir='ltr'>rogans</span> <span class='ocrx_word' id='word_1_312' title='bbox 857 4119 1059 4193; x_wconf 86' lang='lat' dir='ltr'>sententiam</span> <span class='ocrx_word' id='word_1_313' title='bbox 1070 4117 1177 4211; x_wconf 83' lang='lat' dir='ltr'>ipsius</span> <span class='ocrx_word' id='word_1_314' title='bbox 1188 4121 1427 4214; x_wconf 87' lang='lat' dir='ltr'>Thesaurarii,</span> 
     </span>
     <span class='ocr_line' id='line_1_39' title="bbox 231 4214 1539 4306; baseline -0.002 -11"><span class='ocrx_word' id='word_1_315' title='bbox 231 4226 264 4296; x_wconf 83' lang='lat' dir='ltr'>ia</span> <span class='ocrx_word' id='word_1_316' title='bbox 291 4220 401 4306; x_wconf 82' lang='lat' dir='ltr'>dixit,</span> <span class='ocrx_word' id='word_1_317' title='bbox 425 4219 543 4294; x_wconf 90' lang='lat' dir='ltr'>Status</span> <span class='ocrx_word' id='word_1_318' title='bbox 564 4223 667 4296; x_wconf 84' lang='lat' dir='ltr'>valde</span> <span class='ocrx_word' id='word_1_319' title='bbox 689 4220 819 4292; x_wconf 91' lang='lat' dir='ltr'>invitos</span> <span class='ocrx_word' id='word_1_320' title='bbox 843 4237 1012 4290; x_wconf 86' lang='lat' dir='ltr'>venturos</span> <span class='ocrx_word' id='word_1_321' title='bbox 1039 4214 1105 4288; x_wconf 87' lang='lat' dir='ltr'>esse</span> <span class='ocrx_word' id='word_1_322' title='bbox 1124 4219 1169 4290; x_wconf 87' lang='lat' dir='ltr'>ad</span> <span class='ocrx_word' id='word_1_323' title='bbox 1191 4224 1429 4295; x_wconf 83' lang='lat' dir='ltr'>exolutionem</span> <span class='ocrx_word' id='word_1_324' title='bbox 1533 4245 1539 4250; x_wconf 90' lang='lat'>·</span> 
     </span>
     <span class='ocr_line' id='line_1_40' title="bbox 226 4311 1429 4508; baseline -0.01 -110"><span class='ocrx_word' id='word_1_325' title='bbox 226 4318 368 4410; x_wconf 77' lang='lat' dir='ltr'>‚Decimi</span> <span class='ocrx_word' id='word_1_326' title='bbox 386 4315 520 4396; x_wconf 79' lang='lat' dir='ltr'>Decimii</span> <span class='ocrx_word' id='word_1_327' title='bbox 531 4369 544 4407; x_wconf 92' lang='lat'>,</span> <span class='ocrx_word' id='word_1_328' title='bbox 569 4317 606 4392; x_wconf 72' lang='grc' dir='ltr'>δι</span> <span class='ocrx_word' id='word_1_329' title='bbox 634 4316 731 4414; x_wconf 85' lang='lat' dir='ltr'>quod</span> <span class='ocrx_word' id='word_1_330' title='bbox 763 4316 836 4508; x_wconf 53' lang='grc' dir='ltr'>ερὅε</span> <span class='ocrx_word' id='word_1_331' title='bbox 862 4311 1011 4389; x_wconf 87' lang='lat' dir='ltr'>difficilis</span> <span class='ocrx_word' id='word_1_332' title='bbox 1027 4311 1352 4483; x_wconf 62' lang='lat' dir='ltr'>soietcoliesiapip.</span> <span class='ocrx_word' id='word_1_333' title='bbox 1377 4339 1429 4387; x_wconf 86' lang='lat' dir='ltr'>ar·</span> 
     </span>
    </p>

    <p class='ocr_par' dir='ltr' id='par_1_12' title="bbox 224 4431 1428 4508">
     <span class='ocr_line' id='line_1_41' title="bbox 224 4431 1428 4508; baseline 0.002 -26"><span class='ocrx_word' id='word_1_334' title='bbox 224 4473 229 4482; x_wconf 86' lang='lat'><em>.</em></span> <span class='ocrx_word' id='word_1_335' title='bbox 841 4435 866 4508; x_wconf 91' lang='lat' dir='ltr'>q</span> <span class='ocrx_word' id='word_1_336' title='bbox 1307 4431 1428 4486; x_wconf 73' lang='lat' dir='ltr'>stratus</span> 
     </span>
    </p>
   </div>
   <div class='ocr_carea' id='block_1_5' title="bbox 0 0 1972 5192">
    <p class='ocr_par' dir='ltr' id='par_1_13' title="bbox 0 0 1972 5192">
     <span class='ocr_line' id='line_1_42' title="bbox 0 0 1972 5192; baseline 0 1"><span class='ocrx_word' id='word_1_337' title='bbox 0 0 1972 5192; x_wconf 95' lang='lat' dir='ltr'> </span> 
     </span>
    </p>
   </div>
  </div>
 </body>
</html>
