3934 5192
362 438 389 552 ἓ
492 514 573 599 ‘a
689 504 1019 602 vira
1131 500 1618 644 vastia

547 696 688 799 pensam
706 698 911 771 damnorum
933 695 1172 793 perpessorum
1199 698 1365 783 donavit,
1398 718 1476 795 quae
1503 699 1619 773 adbuc
1644 699 1769 794 Ayrta·
1876 684 1880 750 ἶ

548 820 655 871 norum
675 797 744 880 est,
770 818 811 867 ac
825 794 947 889 postea
964 799 1143 871 Minrziam
1161 792 1287 878 filiam,
1305 797 1578 891 Gerbraadumque
1593 795 1765 870 minorem
1878 863 1879 890 ,

551 916 635 966 natu
652 896 714 965 Ida
736 910 844 964 mater
860 890 1016 987 suscepit.
1878 919 1879 972 j

597 989 643 1061 Χ.
669 988 788 1061 Natus
806 984 874 1060 suit
905 987 1109 1059 Vronrus
1138 1008 1229 1059 anno
1249 985 1398 1078 septimo
1414 984 1492 1081 post
1525 1006 1638 1075 1500,
1673 989 1768 1064 deci-

549 1084 727 1159 ma-nond
745 1082 933 1170 Osiobris,
959 1082 1164 1175 suscipiente
1183 1106 1263 1157 eum
1282 1102 1334 1154 eu
1360 1082 1470 1157 Sacro
1498 1081 1612 1157 Fonte
1652 1082 1768 1158 Tetar-
1878 1115 1879 1142 1

550 1186 587 1255 da
613 1183 756 1275 Hennyd
780 1182 966 1253 avunculo.
1015 1178 1100 1253 Hoc
1120 1201 1262 1275 quoque
1289 1178 1348 1250 bic
1374 1181 1523 1273 adjicere
1551 1178 1665 1253 visum
1691 1176 1765 1270 est,

550 1280 650 1375 quod
678 1278 781 1351 Dnus
799 1280 878 1349 Octo
900 1277 1070 1350 Sacerdos
1088 1275 1339 1352 prehendatur
1355 1277 1393 1348 in
1411 1277 1562 1351 Wrrdurn
1571 1328 1585 1364 ,
1609 1281 1673 1373 qui
1687 1277 1765 1353 fue-

549 1394 604 1449 rat
620 1374 832 1469 Capelianus
850 1374 904 1445 M.
914 1376 1089 1459 Burdenis,
1101 1377 1175 1469 ejus
1190 1373 1325 1471 patrui,
1343 1372 1495 1447 Pastoris
1511 1373 1663 1461 ibidem,
1688 1374 1763 1448 Vr·

551 1469 1000 1565 ot1urrquebaptisasset,
1032 1492 1190 1543 acauno
1218 1491 1324 1563 1534.
1359 1470 1457 1543 iser
1487 1468 1588 1542 Italia
1618 1473 1764 1546 domurn

549 1566 725 1652 rediisset,
752 1568 788 1641 δι
809 1565 948 1640 fortiter
966 1564 1127 1641 adversus
1140 1565 1381 1660 Anabaptistas
1398 1586 1474 1639 tum
1489 1568 1525 1638 in
1542 1566 1652 1639 Frisia
1670 1566 1764 1661 gras-

531 1664 664 1738 santes
685 1662 897 1758 disputaret,
929 1664 1034 1738 senex
1053 1663 1227 1737 Sacerdos
1252 1662 1389 1748 retulit,
1425 1686 1497 1735 non
1527 1660 1595 1735 fine
1627 1662 1763 1751 caussd,

548 1785 629 1833 eum
648 1758 728 1831 ciam
748 1757 903 1832 abluisset
921 1762 957 1831 in
973 1758 1084 1833 Sacro
1103 1761 1237 1843 Fonte,
1245 1754 1367 1852 jussisse
1382 1755 1549 1833 Patruum
1563 1760 1760 1845 Buth,

549 1881 591 1929 ut
606 1857 776 1929 ambobus
794 1856 945 1948 pedibus
969 1854 1042 1950 (1)
1062 1857 1098 1928 in
1115 1856 1352 1951 baptisterium
1380 1855 1591 1939 intruderet,
1624 1873 1698 1949 quo
1725 1856 1763 1926 in

550 1953 619 2025 fide
631 1950 816 2027 Catholica
833 1953 993 2024 constans
1006 1971 1244 2045 permaneret,
1270 1954 1369 2043 cujus
1385 1948 1420 2023 se
1436 1972 1529 2024 nunc
1547 1946 1699 2024 fructum
1710 1950 1762 2025 vi·

551 2050 635 2121 dere
650 2046 842 2121 letabatur.

599 2144 667 2215 Xl.
694 2144 801 2215 Anno
820 2160 943 2215 autem
976 2161 1079 2230 1514.
1105 2143 1151 2214 atl
1176 2143 1477 2217 confirmationem
1508 2164 1588 2214 eum
1615 2144 1763 2215 adduxit

549 2243 732 2317 Dominicus
752 2239 896 2319 Pidonia,
912 2236 1607 2350 BurgimagisterposteaLeovardiensrs,
1632 2261 1761 2334 cogna-

546 2334 801 2525 bassilla
824 2354 1204 2536 llssllmdillpdi‘
1219 2340 1537 2505 ssilddlllssss
1558 2334 1762 2527 bisses&

314 2616 322 2625 ,
548 2530 673 2603 deinde
689 2530 805 2600 uariis
839 2526 920 2600 usus
946 2522 1133 2619 magistras,
1166 2528 1340 2623 postremd
1369 2525 1507 2600 cuidam
1541 2530 1597 2601 Μ.
1624 2529 1762 2601 Antonio

386 2629 389 2635 ‘
430 2670 432 2675 ·
550 2621 714 2717 Colonirnfl
732 2625 897 2716 privatim
916 2618 1146 2694 instituendus
1168 2624 1317 2697 traditus
1334 2624 1425 2709 fuit3
1449 2623 1511 2695 ubi
1525 2638 1606 2695 cum
1629 2624 1762 2718 Hoyone

547 2744 570 2792 a
597 2723 799 2813 cnmminga,
827 2719 998 2809 Tairpltone
1014 2718 1169 2806 larana,
1195 2720 1323 2812 Jranrre'
1339 2721 1505 2802 brumen,
1540 2736 1583 2791 ac
1598 2716 1760 2812 Ambrofir

548 2814 723 2910 Augustini
743 2816 934 2907 apotecarii
965 2812 1066 2899 filio,
1117 2818 1319 2898 coetaneis,
1354 2814 1490 2889 tantiam
1512 2814 1686 2913 profecit,
1723 2837 1763 2889 ut

546 2934 692 3009 patruus
715 2914 788 3005 ejus
816 2912 920 2983 Barba
949 2910 994 2981 ad
1017 2908 1168 2981 scholam
1187 2911 1477 2986 Darentrienstm
1497 2911 1708 3008 (quae'tunc
1722 2913 1762 2983 in
1878 2996 1879 3003 ἵ

548 3006 816 3104 particularibus
846 3004 973 3079 studiis.
1004 3004 1179 3099 florebat)
1206 3008 1437 3104 ablegandum
1473 3031 1552 3080 eum
1586 3005 1761 3093 censeret,
1876 3032 1879 3039 ⁴

547 3126 663 3199 eoque
688 3124 778 3175 anno
799 3121 902 3191 1519.
924 3122 944 3173 a
963 3100 1129 3183 Pascbate
1148 3102 1317 3177 accuens
1336 3105 1466 3178 ibidem
1487 3104 1663 3201 septimae,
1688 3101 1762 3176 sex·

546 3223 592 3274 tae
594 3200 785 3370 {clipuippae
795 3198 882 3271 clasii
895 3197 1579 3391 imer-p³i¹n(⁰⁸)²ds“{,¹{,m1⁵fn}edi⁰⁶fiter
1583 3199 1760 3368 erffl‘

681 3350 689 3367 .
753 3318 854 3369 omen
873 3316 1059 3389 proprrum
1109 3320 1120 3368 1
1160 3348 1171 3381 ,
1221 3322 1245 3369 u
1345 3320 1563 3370 sommare
1626 3315 1760 3389 yerum

545 3397 673 3491 vulgus
691 3413 817 3478 vocat,
843 3392 916 3487 ipse
927 3414 1015 3487 puer
1030 3320 1241 3466 Vretruan
1256 3322 1377 3468 dicerd
1390 3397 1519 3466 maluit.
1568 3392 1619 3465 Et
1639 3319 1761 3488 duam*
1838 3446 1843 3455 .

390 3508 397 3531 “
546 3512 650 3583 quam
668 3488 823 3563 Familiae
841 3506 1113 3581 cognomentum
1136 3508 1210 3561 erar
1225 3490 1351 3580 Apta,
1377 3489 1448 3584 ipse
1467 3490 1586 3584 patrui
1606 3489 1762 3561 Burdenis

545 3586 590 3657 de
619 3584 766 3657 Zuiclem
795 3585 1066 3679 appellationem
1088 3584 1185 3676 sequi
1208 3586 1356 3672 maluit,
1398 3578 1762 3681 Zairhemensrrrrqrrrse

545 3680 680 3776 semper
695 3678 849 3774 scripsit,
876 3680 973 3772 qudd
995 3681 1032 3748 in
1049 3702 1091 3750 eo
1109 3700 1203 3773 pago
1219 3687 1327 3775 pater
1340 3701 1440 3754 natus
1455 3680 1563 3767 effet,
1589 3682 1762 3775 avitaeque

547 3778 640 3848 villae
658 3774 692 3851 se
709 3773 937 3849 successorem
955 3772 1034 3846 fore
1051 3773 1232 3868 sperabat:
1257 3779 1311 3849 uti
1328 3778 1433 3851 etiam
1451 3780 1487 3851 in
1507 3780 1581 3868 eius
1607 3778 1666 3873 J'us
1690 3800 1762 3850 orn·
1801 3855 1807 3862 ,

546 3876 604 3947 nia
629 3873 760 3969 praedia
780 3893 929 3967 agerque
943 3870 1123 3943 universus
1144 3872 1179 3942 in
1196 3894 1290 3969 pago
1312 3872 1535 3968 Zairhrmr'enst
1554 3870 1709 3969 (proeter
1724 3895 1764 3945 ea

548 3990 627 4063 quae
645 3972 731 4065 juris
746 3968 825 4042 sunt
846 3966 1104 4064 Ecclesiastici)
1123 3964 1244 4063 postea
1260 3968 1399 4044 tessere.
1449 3970 1622 4046 Vroarr
1647 3987 1764 4042 autem
1878 4011 1879 4018 κ

476 4058 500 4121 ,‘
546 4090 674 4139 nornen
691 4066 727 4139 in
744 4069 942 4149 memoriam
963 4066 1022 4137 avi
1039 4067 1185 4137 materni
1203 4066 1292 4159 Vrglr
1313 4068 1452 4163 Hanrrya
1470 4068 1502 4143 ei
1518 4069 1668 4140 inditum
1694 4064 1761 4149 est,
1871 4065 1879 4118 Ἴ

547 4166 609 4259 qui
626 4162 778 4238 similiter
797 4164 840 4235 ab
864 4186 932 4238 avo
949 4161 1012 4234 suo
1039 4180 1195 4234 materno
1221 4164 1318 4255 Vigle
1345 4164 1489 4261 Camstra
1514 4185 1639 4235 nomen
1666 4184 1765 4235 acce»
1878 4241 1879 4246 ,

545 4262 618 4357 pit,
643 4264 723 4338 viro
739 4263 930 4358 primario,
957 4261 1020 4356 qui
1039 4258 1246 4356 Boywardr'ae
1263 4262 1384 4335 exorta
1402 4263 1493 4335 inter
1524 4261 1660 4336 nobiles
1689 4257 1765 4426 rixg

1061 4400 1065 4411 .
1613 4378 1621 4385 ·
1721 4376 1741 4423 a
