3934 5192
90 157 161 635 ἶ
360 496 429 586 ΑΒ
473 478 763 581 ΑῩΤΤΑ
808 471 1233 571 ZUICHEMI.
1317 483 1441 588 ¹77<

89 670 96 754 ἶ
187 695 364 776 rogatum
385 685 439 760 se,
469 695 510 748 ot
529 682 566 746 in
586 677 646 743 illo
666 670 853 740 condendo
866 685 1015 764 ,operam
1035 665 1128 732 suam
1147 665 1395 750 interponeret.

89 784 93 844 i
185 777 343 858 nccipe
362 771 468 856 igitur
489 764 730 832 testamentum
755 755 898 820 Abbans
927 769 971 816 ex
997 750 1071 816 MS.
1100 748 1233 832 Joannis
1253 746 1400 832 Francisci

89 875 92 957 ι
190 862 223 927 F
282 877 336 924 ens
354 847 608 920 poenitentiarii
625 840 779 911 eccleiiae
798 836 922 902 nostrae
941 834 1230 916 Metropolitanae.
1380 821 1388 841 “

89 961 91 1041 l
185 963 194 970 ·
258 964 283 1005 n
310 944 426 1004 romine
444 935 560 1001 sanna
579 929 614 999 ὅ
638 922 807 992 individue
829 920 1000 985 Trinitatis.
1043 919 1120 983 Cum
1141 917 1216 980 nibil
1235 920 1342 980 certius
1355 913 1400 997 fit
1506 973 1518 982 κ

89 1044 90 1092 3
191 1026 265 1114 ipsa
290 1039 416 1096 morte,
444 1020 480 1087 ci
495 1018 570 1082 bora
584 1006 806 1093 ejusden-nibil
820 1009 977 1077 incertius,
1000 999 1069 1065 Nos
1092 999 1193 1064 Luras
1206 999 1330 1064 Municb
1345 999 1402 1060 bu-
1420 985 1439 1023 a

155 1107 168 1125 ’
193 1112 284 1175 nutis
306 1106 407 1172 Abbas
427 1100 545 1182 ecclesia
564 1097 663 1163 Sont‘ii
686 1090 823 1156 Bavonis
847 1084 1031 1167 Gondenfis‚
1062 1081 1250 1164 Tornasenfis
1268 1079 1400 1162 dioccfir,

194 1193 271 1262 Sedi
293 1187 470 1278 Apojiolicae
495 1180 660 1254 immediate
674 1174 838 1260 subjebiae,
871 1177 904 1233 in
924 1167 1059 1253 sanitate
1079 1173 1185 1230 mentis
1213 1165 1247 1232 ii
1274 1171 1418 1248 corporis·

194 1280 212 1364 (
218 1282 335 1362 gratio
353 1273 484 1337 Domino
503 1262 590 1346 Deo)
612 1272 800 1344 competenter
821 1253 983 1336 constituti,
1005 1250 1136 1314 omnibus
1154 1247 1321 1314 melioribus
1340 1235 1419 1310 nso·'

195 1363 256 1438 do,
280 1365 372 1431 via,
393 1360 465 1435 jure
487 1351 522 1419 ὅ
539 1346 648 1434 forma
667 1342 774 1429 quibus
790 1345 966 1424 potuimus,
995 1353 1030 1398 nr
1046 1332 1220 1408 debuimus,
1248 1330 1328 1395 ultra
1343 1329 1405 1416 fa·

194 1451 348 1512 cultatem
362 1445 443 1521 iuris
461 1438 619 1501 comoranti
632 1437 723 1493 etiarn
737 1419 893 1507 apostolici
902 1420 1051 1484 eretlionis
1072 1416 1086 1502 (
1095 1414 1239 1500 Caesoreae
1258 1412 1403 1495 Maiesta-

196 1538 240 1595 tis
272 1526 394 1592 Placito
417 1513 603 1604 approbutd)
628 1531 690 1596 qua
709 1505 844 1652 exprffle
870 1507 1058 1574 continetur,
1087 1499 1166 1584 quod
1186 1498 1221 1562 de
1247 1498 1405 1581 quibusvis

129 1634 133 1638 ·
194 1614 286 1678 bonis
299 1605 408 1690 nostris
425 1599 576 1667 mobilibus
597 1591 790 1665 &immobili
827 1584 1070 1671 squamodolibet
1086 1589 1175 1647 etiam
1192 1589 1301 1647 intuitu
1321 1581 1404 1645 eccle·
1497 1610 1499 1614 ·

89 1726 90 1735 ¹
191 1697 255 1781 fia
269 1689 426 1777 arquifitis
442 1687 477 1754 is
492 1678 678 1767 acquirendis
689 1694 713 1754 ,·
731 1673 820 1738 libere
834 1676 866 1733 in
882 1676 955 1736 vito
970 1668 1006 1737 &
1021 1673 1053 1731 in
1068 1683 1161 1730 morse
1176 1663 1275 1747 tesiori
1294 1665 1329 1734 Β
1345 1665 1375 1729 di
1388 1701 1404 1714 -

193 1797 314 1866 ponere
332 1774 491 1845 valemus,
503 1765 686 1852 sufficienter
706 1763 815 1822 muniti
830 1754 865 1822 Θ
882 1750 1085 1836 autbonsuti,
1105 1747 1255 1833 fecimus,
1276 1748 1358 1812 condi
1378 1757 1405 1812 i-

197 1859 327 1929 mus&
343 1855 571 1925 ordinavimus,
583 1846 735 1934 fecimus,
757 1836 906 1905 condimus
932 1835 967 1904 v
987 1832 1159 1898 ordinamus
1172 1848 1230 1914 per
1251 1831 1406 1916 presentes

199 1945 430 2030 testamentum,
450 1933 637 2006 voluntatem
657 1928 692 1997 v
713 1928 901 1990 intentionem
921 1909 1068 1998 nostram,
1090 1933 1157 2002 quo
1168 1921 1239 1996 jure
1253 1912 1405 1996 testamen-

91 2033 95 2038 ’
200 2035 228 2094 ii
258 2043 317 2094 aut
334 2021 552 2093 codicillorum,
579 2028 634 2080 aut
644 2027 702 2096 pro
721 2002 922 2090 alioquolibet
941 2001 1097 2066 ditiamine
1111 1999 1281 2066 voluntatis
1299 1997 1403 2080 nojirae

199 2114 314 2181 valere
340 2109 375 2177 {5
393 2105 528 2190 effetlum
544 2098 653 2184 sortiri
669 2093 811 2161 volumus
831 2096 862 2152 in
881 2085 955 2151 bunc
972 2091 1025 2169 pui
1035 2082 1172 2170 sequitur
1193 2081 1324 2148 modum.
1399 2133 1405 2144 .

243 2196 287 2261 In
334 2199 340 2209 '
372 2197 398 2254 is
415 2185 607 2271 defiderontts
615 2179 801 2259 sacramenta
818 2171 933 2236 ianoe
956 2173 1065 2232 neutris
1080 2165 1209 2248 Ecclesia
1228 2167 1309 2229 nobis
1326 2163 1404 2228 debi·
1492 2229 1494 2234 ,

89 2340 90 2347 ,
201 2295 233 2346 to
322 2276 505 2341 convenienti
522 2281 651 2349 tempore
672 2253 906 2337 administrari,
925 2258 1059 2316 animam
1081 2249 1211 2330 nostram
1233 2248 1267 2313 de
1288 2247 1338 2311 boc
1356 2247 1407 2310 er-'
1506 2247 1508 2252 ’

89 2360 92 2404 ³
198 2362 323 2448 goiiulo
337 2377 385 2422 cor
422 2361 465 2419 ris
478 2357 698 2434 migraturam,
718 2351 750 2406 in
765 2357 872 2404 manus
890 2336 952 2401 Dei
971 2331 1063 2416 nostri
1078 2331 1324 2405 commendamus,
1346 2332 1402 2393 bu-

201 2448 322 2514 militer
342 2461 359 2504 o
386 2447 496 2504 crimus
516 2434 551 2502 ὅ
567 2429 774 2513 refignamus,
805 2421 990 2507 deprecantes
1013 2414 1176 2499 enimffime
1198 2413 1325 2496 eiusdem
1344 2419 1402 2478 im·

89 2549 90 2577 ¹
201 2527 341 2614 mensam
356 2517 601 2608 miscricordiam,
628 2527 663 2575 ut
679 2529 744 2574 eam
758 2507 848 2570 ocrtlir
866 2503 1022 2581 clementia
1037 2497 1104 2584 fuse
1123 2497 1261 2580 dignetur
1275 2503 1401 2572 intueri,

170 2677 173 2682 .
201 2636 240 2681 ac
260 2616 439 2675 meritorum
454 2604 581 2669 Domini
595 2595 685 2678 nostri
697 2591 774 2676 Jesu
790 2585 901 2668 Cbrijii
909 2583 1084 2670 salvatoris
1097 2580 1316 2669 nostrifot‘iam
1323 2599 1402 2668 por-

96 2730 100 2736 ·
201 2705 345 2784 ticipem,
367 2709 433 2756 cum
444 2687 558 2768 fandis
565 2677 741 2767 suissaciat
757 2670 993 2756 effeconsortem.

246 2799 285 2846 2.
307 2775 424 2862 Corpus
438 2784 537 2837 autem
553 2771 661 2829 anima
676 2757 780 2840 nosirae
795 2754 977 2839 hospitium,
1005 2747 1103 2830 confifi
1121 2745 1156 2811 de
1168 2746 1222 2833 spe
1242 2746 1333 2812 beate
1353 2751 1409 2811 re·'

195 2863 415 2952 bruttianis,
433 2852 576 2920 volumus
597 2854 628 2910 in
649 2859 733 2908 terra
748 2839 856 2924 sancia
872 2834 1014 2920 sepeliri,
1043 2833 1077 2900 ii
1095 2830 1178 2896 condi
1196 2833 1348 2914 intemplo
1366 2831 1401 2899 δ’
1523 2859 1546 2876 .

204 2947 292 3021 ioco,
309 2958 399 3029 prout
420 2934 586 3016 Coodjutor
603 2927 721 3010 noller,
752 2921 808 2989 vel
818 2918 999 3008 praepofitus
1013 2913 1157 3000 succeffor
1179 2915 1401 2988 determinabit,

203 3049 239 3098 ot
264 3039 268 3045 '
284 3035 346 3093 ein
360 3026 533 3089 memoriam
547 3012 638 3096 nosiri
653 3007 832 3095 epitaphium
846 3010 953 3089 apponi
970 3019 1011 3065 ex
1027 2999 1118 3082 ipsius
1134 2999 1324 3082 beneplacito,
1345 2998 1402 3080 nist

201 3126 237 3203 ip
251 3127 324 3178 smet
344 3124 412 3174 onte
430 3105 538 3169 obitum
551 3095 783 3182 providerimus.

253 3215 286 3281 3.
307 3194 464 3277 Exequias
486 3202 562 3252 vero
581 3199 639 3268 pro
662 3195 770 3251 more,
803 3192 838 3236 ac
847 3169 939 3252 sicuti
961 3185 1015 3254 pro
1031 3161 1282 3252 predecefforibus
1296 3160 1401 3242 nostris

204 3279 374 3351 Abbatibur
391 3275 461 3338 oiim
471 3269 544 3351 fieri
556 3263 784 3348 consueverunt,
804 3256 945 3322 volumus
963 3250 1127 3322 celebrari,
1154 3244 1318 3330 observetis
1332 3247 1401 3310 lau-

204 3363 354 3432 dabilibus
374 3357 539 3423 ceremoniis
566 3351 662 3433 (citra
683 3358 781 3407 tamen
802 3357 914 3402 omnem
927 3318 1046 3419 siusium
1071 3332 1105 3399 Θ
1124 3327 1285 3414 pompam)
1306 3327 1402 3409 afim·

203 3449 266 3523 tis,
289 3464 353 3510 cum
377 3442 520 3506 convivio
540 3439 572 3497 in
595 3429 677 3494 domo
693 3423 792 3508 nostra
819 3418 970 3498 Gundcnfi
981 3464 991 3494 ,
1024 3415 1172 3488 Decano,
1204 3412 1342 3496 Capitulo
1364 3411 1399 3477 ii
1456 3481 1460 3488 Ι

204 3535 280 3598 aliis
299 3521 453 3608 officiariis
470 3515 575 3599 nostra
591 3509 727 3592 ecclefiae,
746 3521 800 3570 aut
814 3503 1004 3585 justiciariis,
1020 3495 1160 3583 faciendo
1178 3513 1236 3579 pro
1253 3494 1400 3578 discretio·

204 3637 244 3683 ne
266 3609 443 3680 &arbitrio
465 3598 656 3680 Coodjutoris
669 3589 773 3673 nostri,
798 3603 854 3652 ortt
863 3585 974 3671 futuri
994 3580 1175 3663 Prepofiti,
1205 3597 1245 3641 esc
1265 3593 1401 3640 executo-

205 3713 280 3765 r'um
297 3693 384 3778 infra
402 3682 671 3755 nominandorum,
700 3690 789 3758 atque
808 3691 838 3734 eo
863 3670 909 3734 die
948 3667 1105 3752 auperibus
1127 3663 1196 3748 dori
1216 3661 1250 3729 θ
1266 3659 1400 3742 distribui

198 3782 264 3869 scere
283 3777 395 3842 modios
418 3770 497 3838 bladi
532 3785 584 3831 cve
603 3767 696 3825 tritici
714 3765 750 3834 ‚in
767 3753 903 3900 ponus
933 3754 1015 3826 adii,
1048 3742 1400 3826 volorisuniusjiupbe-

92 3869 97 3876 ’
207 3873 259 3939 ri,
281 3881 347 3926 curn
367 3855 479 3922 duobus
526 3850 641 3924 upberis
658 3847 803 3926 argenteis
825 3844 866 3900 eis
885 3855 929 3900 em
951 3833 1119 3980 impofitis,
1150 3829 1184 3896 v
1204 3827 1402 3892 communibus

204 3943 390 4036 pauperibus
406 3935 504 4022 oppidi
525 3926 690 4009 Gandertssr
708 3922 788 3988 mille
801 3922 930 4002 florenos
952 3918 995 4000 dij
1009 3913 1159 3980 ribuendas
1176 3930 1232 3996 pro
1254 3911 1400 3976 dotatione

208 4042 377 4118 pauperum
391 4024 550 4105 filiarum,
573 4014 607 4081 ὅ
627 4012 774 4092 aliospro
789 4003 956 4089 discretione
970 3995 1143 4064 eorumdem.
1252 4053 1255 4058 .

252 4137 284 4198 4.
309 4109 456 4177 Volumus
470 4109 540 4166 item
553 4095 733 4180 disponimur
750 4089 784 4157 ir
799 4088 988 4174 ordinamur,
1007 4097 1041 4146 ut
1066 4080 1250 4153 Bolluvinr,
1274 4075 1404 4142 Ssbnlte-

208 4216 277 4274 tus,
301 4191 445 4263 ‘Stabini,
476 4186 510 4253 &
530 4183 711 4248 Secretoriut
737 4171 860 4253 Collegii
879 4167 1046 4252 temporalis
1070 4161 1175 4244 nostro
1192 4159 1333 4242 jusiitice,
1368 4161 1402 4228 θ’

209 4283 333 4348 dominii
349 4275 450 4341 Samen
467 4269 604 4334 Bavonis
615 4308 626 4340 ‚
648 4279 713 4324 cum
729 4257 867 4322 Bollivio
893 4251 927 4320 ὅ
948 4250 1090 4315 Schulteto
1114 4244 1234 4308 dominii
1253 4244 1343 4326 nostri
1369 4244 1404 4307 de

157 4411 161 4416 -
203 4364 381 4450 ‘Evergbem
393 4403 405 4437 ,
434 4374 496 4421 uno
514 4369 579 4418 curn
596 4341 796 4433 servitoribus
818 4338 871 4488 &z
871 4331 1082 4422 familiaribus
1104 4327 1209 4411 nostris
1230 4325 1403 4411 donreliiris,

273 4492 280 4504 ,
1358 4427 1407 4472 ne:
