3934 5192
383 1271 387 1278 '
512 1279 615 1355 ptau,
638 1257 726 1330 nihil

414 477 417 482 ’
511 506 602 602 ³14
669 473 1058 576 comuntur.
1098 468 1254 568 unu.
1295 465 1567 570 acuam
1670 593 1675 603 ,

513 674 713 766 sensemnt,
737 669 781 748 ad
799 669 964 746 effeitum
980 671 1194 768 perducant,
1220 667 1385 743 adhibitis
1402 691 1519 744 tamen
1532 668 1574 743 iia
1593 667 1721 747 mode·

512 775 715 849 rationibus·
725 769 853 866 quibus
869 790 970 842 omne
994 770 1178 855 damnum,
1204 766 1374 936 mimpue
1388 821 1393 834 .
1407 767 1534 862 patriae
1542 770 1719 857 evitetur,

513 894 557 945 oc
583 870 630 954 ad
654 869 826 944 neminem
847 887 946 962 aeqoe
966 863 1006 938 id
1032 867 1228 962 pertinere,
1263 884 1311 960 qu
1333 887 1368 935 m
1393 865 1437 937 ad
1456 885 1576 937 curam
1591 861 1723 962 Regiae

512 966 728 1063 Maiestatis,
752 961 852 1057 cujus
884 959 934 1037 est
961 959 1157 1038 discernere
1176 983 1218 1036 ac
1236 961 1447 1056 dijudicare,
1482 963 1569 1055 quid
1585 965 1726 1058 populo

513 1065 721 1148 conveniat,
746 1079 807 1134 aut
833 1080 917 1134 non.
938 1057 1132 1133 Exceiltioe.
1142 1077 1260 1132 autern
1276 1056 1365 1141 suae,
1390 1054 1468 1130 cium
1477 1079 1627 1153 propter
1635 1078 1718 1136 aeta·

515 1183 617 1248 tem,
648 1158 956 1252 valetudinemque
986 1156 1024 1228 in
1054 1151 1273 1252 protectione
1301 1153 1404 1250 hujus
1419 1156 1545 1251 patriae
1560 1153 1722 1234 consum-

836 1253 865 1325 ὀ
885 1254 923 1324 in
939 1253 1042 1326 ‘votis
1070 1249 1131 1340 fit,
1156 1273 1260 1347 quam
1278 1271 1318 1324 ut
1338 1252 1462 1346 primo,
1474 1271 1618 1346 quoque
1632 1265 1722 1328 tem-

515 1379 605 1452 pore
618 1352 655 1426 in
674 1349 766 1444 Hisp
824 1371 878 1422 am
897 1346 941 1420 ad
961 1350 1114 1444 quietern
1132 1351 1247 1421 redire
1266 1347 1391 1442 posit,
1416 1349 1568 1443 ideoque
1585 1351 1719 1424 adven·

516 1473 593 1526 tum
613 1445 818 1524 successoris
843 1443 905 1518 diu
931 1442 1037 1518 avide
1060 1441 1254 1538 expettaffe
1273 1493 1285 1528 ,
1319 1444 1367 1518 ob
1383 1445 1452 1516 hoc
1472 1443 1583 1518 solum
1600 1463 1717 1520 tamen

515 1569 649 1621 moram
677 1541 741 1616 fibi
771 1543 884 1616 minus
907 1561 1049 1636 gravem
1065 1539 1215 1625 censeri,
1241 1541 1314 1634 qud
1336 1561 1475 1634 tempus
1494 1541 1620 1614 habeat
1635 1565 1717 1616 exe·

515 1643 646 1739 quendi
662 1641 829 1808 D‘irmfm
846 1639 1050 1721 Denarirrm,
1072 1658 1183 1735 prout
1202 1633 1281 1711 Rex
1291 1687 1304 1728 ,
1331 1639 1503 1734 hujusque
1517 1637 1717 1712 Provinciae

514 1741 649 1816 utilitas
754 1757 837 1808 oet.
1058 1754 1065 1764 ·

523 1881 528 1888 -
565 1831 666 1908 LXI
694 1869 703 1902 ι
729 1828 941 1926 Digrediens
966 1803 1092 1903 deinde
1112 1830 1156 1904 ad
1183 1827 1325 1904 Ducem
1341 1827 1612 1916 Medinae·coeli‚
1636 1853 1715 1928 pet·

375 2000 396 2020 .,
514 1933 662 2030 plexum
686 1926 720 2002 se
739 1927 877 2025 ajebat,
901 1925 1043 2000 ubinam
1071 1926 1231 2001 locorum
1255 1927 1422 2013 militem,
1446 1949 1551 2020 quem
1577 1929 1636 2000 ille
1665 1925 1713 2001 se·

515 2052 599 2105 com
623 2024 796 2109 ducebat,
820 2019 1006 2119 disponere
1033 2019 1165 2118 posset,
1188 2025 1309 2098 dicens
1330 2021 1366 2094 se
1388 2020 1512 2118 sepius
1533 2019 1716 2118 scripsisse,

517 2127 607 2198 nihil
634 2143 728 2220 opus
751 2119 820 2196 effe
844 2120 973 2216 majore
988 2139 1155 2208 numero,
1180 2117 1260 2193 ciun
1278 2121 1307 2192 is
1348 2141 1427 2192 uem
1454 2118 1513 2195 hic
1531 2121 1719 2194 intertene·

517 2222 599 2306 bat,
625 2221 663 2303 dc
691 2215 891 2294 civitatibus
904 2216 1020 2312 gravis
1036 2211 1137 2304 esset,
1163 2215 1200 2290 δι
1215 2213 1308 2290 diffic
1345 2235 1417 2300 ter,
1441 2217 1534 2289 unde
1549 2213 1591 2288 sti
1639 2218 1718 2291 ndia

518 2318 689 2403 solveret,
713 2315 904 2400 invenirem
928 2309 1051 2388 verim
1078 2313 1114 2383 in
1141 2307 1308 2408 Hispania
1331 2313 1447 2396 credi,
1473 2311 1543 2386 hoc
1567 2316 1580 2386 i
1604 2315 1714 2388 -circo

519 2417 618 2488 iilum
639 2414 779 2496 dicere,
801 2410 900 2507 quod
914 2405 1138 2483 successorem
1151 2409 1313 2482 inermem
1328 2411 1449 2484 venire
1465 2409 1571 2495 velit,
1597 2410 1637 2485 δι
1655 2433 1715 2484 ne·

523 2508 665 2586 cessario
679 2503 839 2603 prmfidio
857 2504 995 2580 destitui
1002 2505 1270 2601 ,cumquotidie
1281 2507 1428 2592 milites,
1453 2504 1716 2600 quihiceisent,

384 2659 387 2669 .
523 2605 785 2702 impetrarant
814 2625 888 2675 non
918 2599 1097 2697 impetrati
1127 2600 1296 2689 miffione,
1320 2599 1354 2674 se
1379 2604 1461 2675 hinc
1477 2599 1718 2676 subducerent.

523 2701 622 2778 Serio
650 2719 765 2774 autem
779 2693 944 2792 scripfiise
967 2697 1002 2772 se
1024 2697 1068 2772 ad
1083 2695 1138 2770 Re
1162 2716 1238 2786 em,
1262 2719 1336 2770 non
1351 2699 1516 2772 militibus
1538 2699 1720 2796 pluribus,

525 2796 585 2874 sed
600 2793 752 2892 pecunid
765 2796 803 2867 in
817 2809 960 2880 eorum,
983 2796 1046 2888 qui
1063 2792 1124 2868 hic
1138 2719 1241 2881 sunt,
1264 2793 1434 2888 stipendia
1455 2816 1545 2889 opus
1564 2795 1642 2870 eise.
1720 2823 1727 2830 ·

574 2889 736 2966 LXIII.
760 2889 833 2966 Sub
858 2891 958 2965 idem
981 2909 1052 2964 tem
1077 2913 1138 2976 us,
1170 2913 1251 2964 cunr
1268 2888 1423 2965 Scatibus
1449 2889 1718 2968 Fiandreniibuc

527 2991 701 3066 advenere
722 3007 792 3062 nee
806 2983 1000 3082 Episcopi,
1067 2985 1290 3075 andavensss,
1325 2982 1507 3084 Brugenfis
1535 2990 1573 3064 δι
1600 2986 1722 3084 Ipren·

528 3083 590 3171 iia,
614 3086 824 3180 Baillivique
838 3107 879 3157 ac
894 3078 1053 3184 praeiesii
1060 3084 1239 3156 civitatum
1254 3085 1440 3179 majorum,
1467 3107 1507 3156 ut
1526 3082 1564 3159 dt
1582 3083 1645 3180 ipsr
1653 3106 1721 3180 pro

580 3186 665 3280 pulo
682 3177 954 3266 intercederent,
964 3201 1055 3346 ‹puos
1072 3175 1220 3252 seorsum
1228 3179 1410 3254 Excellria
1420 3179 1478 3254 sua
1491 3181 1626 3256 audivit
1638 3232 1649 3268 ,
1660 3182 1722 3280 οῐι-Ι

541 3283 774 3377 urgavitque,
805 3277 903 3373 quod
936 3277 1000 3370 ipr
1033 3277 1182 3371 negotiis
1201 3275 1401 3370 hujusmodi
1427 3297 1549 3352 contra
1577 3279 1723 3373 Regiam
1793 3334 1797 3345 ,

478 3424 481 3435 ·
524 3303 1732 3564 ditarenturcrearemur,aar

437 3638 440 3642 .
529 3572 575 3640 mi
594 3571 736 3646 Denaris
764 3565 1017 3662 praestationem
1038 3562 1169 3638 summa
1194 3569 1348 3655 ratione,
1369 3565 1499 3664 justitiis
1519 3521 1622 3663 atqu⁹e
1642 3593 1728 3642 con·
1815 3623 1824 3638 ,

452 3742 456 3752 ,
531 3657 629 3740 sensu
645 3664 807 3739 Statuum
826 3660 1003 3734 subnixum
1020 3658 1099 3734 ess'e:
1448 3667 1451 3673 ’

581 3759 735 3835 LXIV.
756 3757 918 3854 Cumque
934 3759 1094 3832 nonnulli
1107 3778 1150 3834 ex
1166 3760 1351 3856 precipuis
1370 3757 1580 3835 Consiliariis
1615 3763 1721 3836 ericu-

530 3857 604 3932 tum
632 3859 776 3933 evidens
797 3854 977 3930 imminere
1001 3855 1332 3944 animadverterent,
1357 3855 1381 3928 st
1407 3858 1492 3930 Dux
1514 3860 1550 3930 in
1591 3881 1631 3932 ua
1647 3857 1722 3932 sen·

529 3956 640 4029 tentia
652 3951 863 4048 persisteret,
885 3953 972 4026 illud
989 3948 1139 4045 primunr
1162 3955 1279 4026 conati
1293 3951 1371 4027 sunt
1385 3957 1417 4027 ei
1433 3953 1659 4049 persuadere,
1684 3975 1725 4046 ut

530 4071 606 4126 non
632 4052 755 4134 armis,
779 4069 820 4124 ut
845 4050 938 4124 velle
959 4045 1163 4134 videbatur,
1186 4047 1245 4124 sed
1270 4051 1329 4125 vid
1348 4049 1489 4145 justitiae
1508 4053 1725 4146 procederet.

531 4147 577 4224 Id
593 4147 690 4242 quod
705 4148 866 4238 tandem,
889 4147 973 4219 licet
998 4141 1200 4230 difficulter,
1226 4143 1288 4219 subi
1302 4143 1499 4242 persuaderi
1515 4147 1564 4221 est
1589 4147 1722 4243 pass'us,

517 4261 775 4338 <nconceptaque
791 4261 865 4316 cum
884 4240 973 4327 fuit,
996 4262 1038 4314 ac
1059 4239 1203 4336 publicd
1225 4241 1318 4316 edita
1333 4241 1482 4316 formula
1490 4245 1725 4339 procedendi,

529 4360 611 4440 quae
631 4339 747 4416 tamen
770 4340 867 4414 omui
892 4360 984 4436 pene
1007 4333 1134 4414 effectu
1165 4341 1285 4416 camut.
1336 4337 1724 4512 Tentaverequegidem

1633 4461 1726 4517 num.
