3934 5192
301 551 466 665 §nn
512 537 849 668 nnoluo
897 573 1302 672 onuanio.
1361 607 1441 688 331

232 787 273 826 „
288 749 379 817 ende
392 750 567 816 manieren
582 750 782 834 aengaende
796 750 863 816 den
878 765 955 826 tax,
971 751 1075 836 gelyk
1091 769 1137 835 zy
1149 753 1216 818 hen
1229 753 1263 817 in
1280 753 1322 819 de
1335 773 1441 834 voor7

236 872 271 908 n
285 834 418 981 figende
434 833 551 899 Beden
564 835 782 917 gereguleert
798 834 952 909 hebben,
966 850 1001 899 te
1017 851 1131 901 weten
1149 837 1208 901 dat
1225 837 1289 902 alle
1304 837 1348 903 de
1364 839 1440 905 vier

232 955 269 989 22

334 914 489 982 oisteden
519 913 624 982 sullen
646 917 751 1002 gelyk
779 915 871 982 staen
893 936 939 1001 op
963 935 1075 983 eenen
1093 934 1168 993 tax,
1191 921 1286 985 aldus
1310 939 1353 1004 ge
1382 941 1439 986 ro·

234 1037 268 1074 ‚,
285 1001 477 1066 noncheert
500 999 550 1084 by
569 999 696 1066 monde
717 1017 783 1065 van
805 1003 934 1066 heeren
952 998 1108 1082 Jeronimo
1127 1003 1247 1068 vander
1260 939 1440 1070 Noorilid·

232 1079 368 1158 „dere
396 1087 440 1149 etl
462 1081 657 1148 Cancellier
690 1102 759 1148 van
784 1081 954 1156 brabant,
989 1099 1048 1150 ten
1082 1085 1204 1150 bevele
1231 1104 1298 1150 van
1329 1105 1433 1170 myne

235 1203 268 1240 „
283 1183 401 1232 voors.
419 1165 539 1250 genad.
560 1165 738 1232 Vrouwen
758 1167 794 1229 in
809 1167 876 1231 den
889 1167 1075 1234 Convente
1088 1186 1154 1233 van
1168 1167 1236 1233 den
1245 1169 1439 1236 Vrouwen·

236 1287 270 1323 ‚,
286 1247 457 1314 Broeders
474 1249 509 1312 in
521 1248 590 1314 der
619 1249 720 1316 Stadt
737 1268 805 1314 van
821 1249 1021 1326 Mechelen,
1044 1263 1100 1314 ter
1148 1253 1243 1316 htien
1268 1269 1335 1324 van
1365 1253 1432 1320 den

186 1383 191 1388 .
236 1369 267 1406 „
282 1331 564 1478 §edeputeerden
583 1349 652 1396 van
673 1333 743 1400 den
764 1331 893 1398 Steden
914 1331 1002 1399 ende
1021 1351 1087 1397 van
1136 1353 1178 1399 en
1200 1335 1330 1416 platten
1343 1335 1433 1401 Lan·

237 1454 265 1488 ‚‚
307 1432 409 1480 evan
429 1414 594 1489 Brabant,
617 1433 663 1499 op
680 1415 746 1481 den
766 1415 910 1482 vierden
939 1415 1026 1500 dagh
1054 1435 1122 1482 van
1147 1416 1322 1481 februario
1342 1437 1433 1484 anno

194 1521 198 1527 ·
232 1535 263 1572 u
280 1495 504 1576 xvqxxvt.
522 1497 601 1579 Styl
625 1516 692 1564 van
716 1499 889 1575 Brabant,
912 1498 1114 1566 understont
1144 1517 1203 1583 my
1223 1499 1433 1588 oicktegen·

234 1619 264 1656 „
280 1579 480 1660 woordich,
499 1581 588 1646 ende
610 1597 683 1646 was
697 1581 834 1647 undert:
853 1581 892 1663 J.
914 1581 965 1645 De
984 1581 1073 1648 Cori.

279 1681 485 1766 Transporto,
506 1698 597 1748 nan
620 1680 930 1759 Tnausnon‘r,
952 1683 1017 1831 Sile
1038 1684 1208 1767 hodieque
1235 1685 1428 1771 loquimur)

233 1763 286 1831 est
309 1765 446 1846 album,
476 1764 605 1842 index,
627 1765 802 1850 catalogus
830 1767 935 1832 totius
987 1767 1139 1834 landriae.
1181 1767 1232 1832 La
1256 1773 1429 1848 nutricula,

228 1868 271 1912 ou
291 1850 318 1912 12
345 1848 575 1914 denomirement
598 1849 719 1930 general
745 1847 780 1914 de
808 1849 839 1914 lo
857 1855 1005 1934 province
1029 1847 1064 1912 de
1090 1848 1228 1916 Fiondre.
1279 1853 1321 1918 V;
1356 1853 1429 1920 Het

233 1931 376 1997 Vlaems
399 1931 764 2016 Setting-Boecxken.
805 1933 859 1998 Te
883 1931 1002 1999 Ghent
1023 1936 1085 2014 169
1108 1933 1167 1998 .in
1186 1954 1217 2016 4.
1239 1933 1295 2001 Est
1311 1951 1427 2001 autem
1554 1935 1559 1946 '

231 2014 403 2084 tributum
414 2014 617 2098 personale,
637 2029 676 2079 ut
685 2015 791 2080 habet
808 2015 954 2081 edietum
966 2017 1085 2082 Caroli
1132 2067 1140 2082 .
1157 2017 1367 2099 publicatum
1389 2035 1428 2102 17
1500 2057 1505 2064 ·

230 2113 331 2180 1517.
352 2097 392 2164 Te
411 2115 527 2175 wesen,
546 2098 598 2161 dut
616 2096 677 2162 eui
700 2097 825 2182 Persoon
836 2099 935 2182 gefleit
947 2099 1005 2164 zoi
1022 2097 1144 2164 worden
1166 2119 1239 2164 noer
1252 2099 1324 2184 synt
1341 2101 1374 2167 G
1390 2123 1429 2167 u·

236 2181 1428 2260 saacnaanmvnnolr,Neoocmmemnaeunnnw,
1525 2231 1533 2242 ,

228 2280 277 2329 ter
285 2263 417 2348 ploetsen
431 2264 549 2346 doeriy
566 2264 752 2346 woonochtlg
768 2270 806 2333 is.
822 2264 881 2332 &a
896 2263 1034 2330 Obtulit
1045 2265 1149 2347 igitur
1163 2263 1314 2331 Albanus
1326 2269 1352 2330 F
1355 2269 1427 2333 lan·

230 2347 321 2424 dris,
340 2346 539 2415 facultatem
557 2347 615 2414 leu
630 2345 869 2426 auctoritatem
884 2366 1010 2412 novam
1025 2347 1222 2414 instituendi
1235 2363 1349 2414 taxam
1365 2353 1424 2416 vel

225 2445 370 2515 quotam
394 2430 608 2516 personalem
632 2432 731 2514 juxta
766 2447 896 2494 novum
923 2430 1065 2508 album,
1093 2447 1221 2496 novum
1254 2431 1422 2511 indicem,

226 2531 404 2581 novumve
435 2511 907 2597 catalogumconficiendum
923 2537 935 2592 3
971 2529 1076 2596 prout
1105 2531 1216 2578 novus
1237 2514 1312 2596 post
1341 2535 1421 2582 eum

225 2595 408 2665 confectus
431 2595 498 2662 fuit
525 2607 615 2662 anno
641 2599 735 2675 1631.
776 2596 880 2663 Unde
903 2611 1018 2663 autem
1041 2596 1121 2662 huic
1143 2597 1348 2664 tributorum
1364 2619 1425 2683 ge-

226 2682 305 2745 neri
322 2681 380 2754 seu
400 2679 521 2746 formae
549 2679 668 2746 datum
692 2677 754 2758 stt3
784 2678 1028 2762 adhaeleritque
1059 2697 1184 2746 nomen
1210 2679 1294 2744 Trou
1343 2699 1421 2760 rto,
1501 2721 1504 2728 -

225 2763 301 2828 Dm
327 2764 371 2829 Tr
444 2779 515 2837 ort,
548 2761 708 2828 historice
738 2761 878 2828 docebit
905 2761 1092 2829 Murohumii
1114 2761 1259 2828 Fiondrio
1288 2699 1420 2850 ssfcrlpt.

223 2845 278 2911 ul.
302 2866 331 2915 1.
345 2848 402 2932 sub
451 2847 658 2912 eaerumundu.

274 2929 511 3014 Vetpoudiagbe3
534 2928 582 2994 est
596 2930 763 2996 tributum
780 2927 873 2995 circa
893 2945 1021 2994 annum
1037 2946 1128 3011 1514.
1150 2929 1185 2992 in
1201 2927 1421 3000 Hollandiam

224 3011 476 3082 introductum:
491 3012 605 3096 estque
619 3031 706 3078 onus
714 3012 944 3088 ordinarium,
956 3014 1064 3086 reale,
1077 3029 1120 3077 ex
1131 3012 1230 3076 rebus
1240 3014 1422 3080 immobili-

220 3099 292 3164 bus
304 3097 435 3182 smgulis
448 3096 544 3161 annis
561 3095 664 3162 semel
680 3095 919 3190 pendendum,
935 3094 1120 3162 secundum
1133 3109 1260 3160 certam
1275 3112 1399 3166 taram.

271 3177 559 3264 Affiatescopltoles)
573 3177 937 3276 indicantfaculqtem
954 3177 1139 3244 inducendi
1156 3179 1419 3271 capitationem,

227 3278 343 3330 taxant
358 3263 560 3344 capitalem,
583 3259 639 3326 seu
652 3262 703 3335 id,
725 3262 818 3342 quod
832 3263 980 3344 exigitur
1000 3263 1035 3324 in
1051 3261 1183 3341 capita,
1206 3278 1320 3343 inqua
1338 3279 1418 3330 taxa

183 3377 186 3386 ·
225 3346 573 3432 comprehenduntur
597 3342 726 3410 bullus
751 3339 922 3409 industriae
944 3342 981 3409 δι
1000 3344 1089 3410 lucri
1108 3351 1125 3383 ¹³
1143 3345 1362 3426 apparentia,
1383 3348 1418 3413 id
1446 3385 1462 3424 ,

226 3429 277 3496 est
296 3431 384 3496 lucri
432 3424 836 3493 robabiliterobventuri.
1204 3471 1208 3480 ,

268 3513 332 3580 His
347 3512 481 3595 portis,
496 3510 599 3576 facile
613 3508 833 3590 intelligitur,
855 3505 1009 3572 adhiberi
1038 3505 1095 3570 hic
1124 3505 1256 3574 diversa
1276 3509 1414 3590 quidem

222 3597 395 3662 vocabula
422 3597 520 3678 juxta
541 3591 750 3658 diversarum
777 3590 954 3674 regionum
982 3589 1039 3654 seu
1061 3587 1321 3670 provinciarum
1344 3613 1418 3660 mo-

221 3699 322 3756 rem,
344 3678 440 3742 usum
463 3695 503 3752 ae
524 3671 834 3747 consuetudinem,
855 3671 913 3739 sed
942 3672 1099 3738 eamdem
1121 3674 1222 3756 plane
1242 3691 1315 3740 rem
1338 3696 1418 3758 per-

222 3761 388 3829 hibentia.
428 3760 536 3824 Porro
553 3757 627 3822 haec
645 3758 786 3822 novatio
801 3757 860 3821 vel
873 3757 1051 3821 innovatio
1072 3755 1204 3840 Census,
1226 3755 1415 3842 Transporrae

223 3845 262 3914 δι
276 3848 483 3930 capitationis,
503 3839 551 3906 est
574 3839 881 3908 extraordinarium
905 3840 1057 3906 medium
1079 3837 1121 3904 ad
1139 3839 1417 3922 consequendum
1467 3843 1473 3856 '

223 3947 270 3994 aes
292 3926 470 4012 publicum
489 3923 640 4008 principi
658 3941 723 4005 per
736 3925 850 3990 Status
866 3923 1037 3991 additium
1055 3921 1114 3988 seu
1135 3921 1351 3992 concellum:
1373 3930 1417 3996 ad

188 4041 199 4051 ·
222 4010 447 4096 supplendum
468 4026 592 4158 nempe
610 4007 705 4088 quod
720 4006 839 4075 delicit
853 4008 888 4074 iu
904 4007 1025 4076 mediis
1045 4006 1237 4074 ordinariis.
1264 4005 1321 4078 Ad
1339 4012 1415 4078 haec

224 4095 495 4161 extraordinaria
510 4093 555 4159 'tri
580 4107 639 4158 uta
655 4083 842 4157 indicendi
859 4090 974 4156 Status
996 4103 1121 4172 petunt
1144 4106 1163 4155 a
1190 4090 1347 4176 principe
1368 4095 1417 4163 fa·

220 4180 386 4246 cultatem
402 4175 722 4258 auctoritatemque,
744 4191 845 4257 quam
866 4173 923 4240 hic
942 4173 1025 4240 Dux
1046 4169 1198 4238 Albanus
1219 4171 1354 4246 obtulit.

265 4262 360 4328 XVI.
381 4259 446 4411 gr)
465 4258 671 4328 Cannam
700 4273 757 4325 nc
789 4272 926 4323 saure
948 4272 1160 4322 uacuam
1185 4276 1280 4328 unc.
1302 4279 1413 4329 suna-

223 4342 361 4432 uau]
412 4341 521 4411 orrius
535 4341 595 4414 lib·
614 4360 647 4427 5.
669 4339 729 4414 fol.
752 4341 838 4415 nihi
857 4355 933 4424 223.
951 4338 1033 4412 Vio.
1057 4337 1172 4412 scribit
1186 4341 1412 4494 Ultrajeltefi·

1474 3383 1584 3464 Leguin

1443 3475 1578 3538 apparent.
