3934 5192
545 488 601 596 48
713 464 1037 579 v1‘rn
1149 464 1630 617 vincit

542 672 645 747 nibus
672 654 796 767 qn'ibus
818 686 886 740 con
914 716 922 735 .
944 716 953 735 .
972 718 981 737 .
1002 662 1076 736 .³ut
1092 660 1129 733 in
1152 656 1262 759 Regis
1280 656 1473 738 deuotione
1522 661 1688 739 fidelitate
1706 688 1754 741 ac

434 784 436 789 ’
513 828 516 833 t
544 768 713 863 obsequio
733 764 927 837 constanter
948 757 1241 854 perseverarent,
1263 761 1461 852 juramento
1514 764 1762 857 eeosquiop·

314 956 322 963 ῃ
438 914 441 917 -
544 864 658 965 postte
683 860 949 1052 roffionderent,
975 855 1212 962 adstringeret.
1262 853 1304 926 Si
1332 857 1396 951 qni
1421 879 1508 931 vero
1533 854 1662 944 essent,
1683 859 1754 955 qui

545 958 654 1047 dubie
680 980 717 1029 re
761 954 951 1038 onderent,
975 953 1097 1040 abhis
1121 971 1163 1023 ut
1186 948 1250 1024 libi
1276 970 1437 1035 caveret3
1462 955 1610 1028 aliorum
1634 976 1754 1033 anum

513 1050 520 1061 ’
544 1056 654 1155 operi
678 1052 892 1147 confilioque
917 1066 1099 1133 uteretur,
1123 1048 1241 1143 eisque
1272 1050 1527 1136 committeret,
1550 1052 1604 1123 uti
1627 1049 1754 1147 provi·

541 1154 689 1235 tierent,
714 1172 757 1222 ne
774 1150 940 1222 inermem
956 1166 1034 1217 eam
1051 1145 1240 1239 aliquando
1258 1146 1510 1241 opprimerent.

593 1246 723 1323 XCIX.
748 1244 792 1318 Id
817 1241 1001 1318 confilium
1026 1264 1107 1315 cum
1130 1239 1363 1337 sequeretur,
1394 1263 1529 1335 paucos
1556 1238 1749 1317 admodum

542 1346 722 1444 repperit,
747 1340 928 1437 quiRegis
945 1356 1065 1433 partes
1078 1335 1175 1432 sequi
1189 1338 1350 1433 tuerique
1361 1341 1619 1433 promitterent.
1652 1336 1751 1421 Inter

543 1466 632 1541 quos
651 1442 767 1537 primo
785 1441 865 1512 loco
880 1434 1052 1510 nominari
1066 1455 1243 1507 merentur
1261 1432 1392 1509 Comes
1404 1432 1635 1529 Mamfilsius,
1659 1434 1752 1511 Dux

545 1534 780 1633 Arscholenfis,
805 1533 1073 1616 Borloiorortiut,
1096 1530 1327 1606 Noircarnin'r.
1363 1526 1504 1624 ,verum
1520 1547 1639 1606 ornnes
1651 1553 1751 1627 pene

543 1636 597 1708 ita
615 1632 716 1707 rebus
733 1626 978 1729 desperabant,
1003 1645 1045 1698 ut
1058 1624 1258 1699 Bruxellam
1276 1624 1561 1721 relinquendam,
1587 1630 1751 1795 atquead

541 1728 866 1804 *Montes-Hannone
885 1721 1115 1797 secedendum
1134 1720 1288 1797 Dneissae
1305 1721 1511 1810 suaderent,
1532 1720 1609 1797 solo
1653 1722 1748 1798 raesi-

544 1828 591 1901 de
615 1826 836 1899 reclamante.
887 1820 1008 1915 Quem
1030 1836 1166 1906 umen,
1189 1840 1271 1895 cum
1297 1819 1446 1915 quadam
1466 1818 1524 1891 die
1541 1818 1631 1894 bene
1644 1840 1750 1921 mone

540 1924 591 1996 ad
609 1921 753 1995 Curiam
770 1921 817 1993 ad
837 1916 872 1991 se
890 1912 1085 2001 evocasset,
1108 1917 1170 1989 vel
1183 1916 1335 1990 invitum
1353 1914 1470 1989 secum
1486 1915 1751 1990 abducereoon·

544 2020 712 2093 stituerat.
761 2014 841 2111 Ipse
862 2031 995 2101 antem,
1018 2034 1101 2085 cum
1122 2013 1160 2083 in
1175 2012 1345 2108 palatium
1364 2009 1530 2100 venisset,
1555 2010 1753 2113 Ducissam-

545 2114 754 2209 queitineri
781 2108 970 2187 aeonum
1000 2106 1199 2203 reperisset,
1221 2108 1333 2183 multi
1359 2109 1518 2183 oratione
1538 2129 1683 2193 conatus
1700 2109 1752 2193 est

546 2213 580 2283 ei
608 2207 836 2306 persuadere,
862 2230 906 2281 ne
931 2207 1002 2279 hoc
1025 2204 1221 2300 oppidum,
1252 2203 1367 2280 sedem
1396 2204 1624 2299 Principum,
1648 2226 1750 2281 tanto

546 2308 682 2403 probro
706 2306 935 2401 periculoque
957 2318 1175 2397 exponeret,
1209 2322 1301 2377 neve
1323 2298 1549 2375 Consiliatios
1574 2303 1749 2391 ministros

547 2424 615 2497 que
635 2403 808 2497 reliquos,
834 2400 895 2495 qni
914 2396 979 2492 ipst
1003 2396 1066 2471 ahs
1091 2394 1204 2491 Regia
1224 2394 1401 2492 Maiestate
1427 2398 1649 2491 coadjutores
1675 2400 1753 2473 dati

541 2497 671 2583 essent,
696 2520 767 2569 non
778 2497 1023 2593 praemonitos,
1047 2488 1245 2578 desereret,
1269 2514 1359 2567 neve
1374 2493 1524 2569 invitum
1542 2490 1751 2591 seuniper·

546 2597 720 2678 traheret,
746 2612 907 2689 paratum
932 2589 1052 2686 potius
1076 2588 1194 2659 omnia
1220 2586 1355 2674 subire,
1381 2611 1493 2683 quam·
1507 2608 1638 2663 tanum
1663 2590 1752 2671 insa·

545 2692 651 2763 miam
675 2690 873 2762 incurrere:
907 2684 1203 2778 consultandoque
1229 2704 1367 2779 tempus
1395 2683 1586 2763 extractum
1607 2684 1676 2775 est,
1708 2706 1752 2761 ut

534 2786 655 2859 ceteri
676 2786 780 2857 etiarn
797 2782 966 2873 Domini,
990 2776 1286 2874 Magistratusque
1304 2780 1421 2865 urbis,
1445 2784 1507 2875 qui
1556 2802 1649 2855 ortas
1667 2807 1688 2855 a
1714 2808 1750 2857 e·

500 2910 509 2919 ·
545 2884 609 2954 riri
630 2879 883 2977 prohihuerat,
908 2880 1043 2951 interea
1061 2897 1300 2964 accurrerent,
1325 2899 1345 2947 a
1373 2877 1498 2971 quibus
1520 2806 1585 2951 sbi
1609 2805 1750 2973 persia-

541 2976 622 3050 deri
639 2974 732 3073 passa
753 2973 823 3059 est,
848 2992 887 3045 nt
905 2970 1087 3048 confilium
1107 2989 1274 3057 mutaret,
1300 2968 1550 3066 Monsfeldr'oque
1565 2976 1676 3047 tutela
1692 2996 1751 3047 ur·

546 3072 603 3145 bis
617 3069 795 3145 commissa
810 3068 899 3159 fuit,
922 3066 1084 3161 civesque
1099 3064 1324 3155 consensere,
1349 3087 1388 3138 ut
1402 3072 1507 3163 quale
1529 3071 1638 3144 uellet
1660 3090 1751 3166 prae·

547 3166 675 3243 sidium
697 3166 775 3240 urbi
799 3168 1011 3261 imponeret,
1040 3160 1227 3235 offerentes
1247 3160 1282 3236 se
1306 3186 1448 3259 quoque
1466 3189 1508 3239 ex
1528 3166 1668 3240 civibus
1689 3166 1751 3238 ali·

546 3288 636 3361 quot
661 3266 792 3339 vexilla
816 3260 1104 3356 conscriptutos,
1136 3279 1216 3355 quae
1239 3260 1308 3336 oni
1329 3281 1651 3344 omnemextetam
1672 3263 1750 3336 vim

449 3372 455 3379 “
576 3360 790 3435 rohiberent.
1025 3423 1030 3431 .
1243 3394 1248 3403 ·

546 3382 573 3515 ·P
598 3456 642 3532 C.
667 3456 764 3531 'soti
789 3474 906 3529 autern
932 3456 1001 3531 hac
1028 3454 1143 3528 aesiate
1164 3450 1374 3529 odiosisl'tmis
1398 3454 1492 3530 hisce
1513 3456 1667 3553 negotiis
1685 3456 1752 3561 im,-

545 3553 690 3649 plicitus
706 3550 856 3633 Praeses,
881 3553 1006 3638 minis,
1033 3551 1218 3638 convitiis,
1243 3553 1481 3647 periculisque
1499 3550 1615 3647 frangi
1629 3550 1663 3625 se
1677 3567 1751 3625 non

546 3650 595 3720 est
613 3646 747 3741 passus,
772 3645 829 3719 sed
849 3666 972 3718 contra
990 3646 1175 3719 audentior
1190 3649 1226 3721 iu
1244 3650 1392 3742 tuitione
1408 3646 1514 3723 reeta
1532 3648 1752 3743 Religionis,

546 3746 723 3839 regiaeque
750 3742 971 3815 authoritatis
992 3742 1172 3837 procellat.
1220 3742 1425 3838 Deputatus
1441 3747 1546 3820 etiam
1570 3766 1652 3833 cum
1666 3740 1753 3815 Dno

550 3839 773 3931 Egmondono,
799 3840 852 3909 uti
867 3861 947 3911 curn
964 3836 1292 3914 Confuderatorum
1305 3838 1541 3915 commissariis
1555 3838 1658 3945 supra
1668 3862 1754 3914 con-

547 3934 669 4007 cordia
690 3953 830 4030 agerer,
853 3934 964 4007 libere
984 3932 1067 4029 ipss
1091 3930 1265 4021 ostendit,
1290 3938 1684 4103 quantum·haec‚·„quae
1709 3936 1754 4011 ab

544 4032 613 4102 illis
633 4030 911 4119 attestabantur,
936 4028 1054 4106 officio
1068 4028 1223 4105 fidelium
1239 4031 1447 4106 vasallorum
1466 4056 1542 4105 non
1566 4057 1603 4105 re
1620 4034 1756 4128 ponde·

545 4146 646 4211 tent,
673 4150 713 4200 ac
737 4129 774 4199 in
793 4146 961 4221 quantum
983 4125 1020 4199 se
1036 4124 1278 4222 consortesque
1296 4152 1417 4202 omnes
1431 4129 1629 4224 periculum
1644 4130 1757 4223 conii·

411 4246 417 4261 ·
547 4242 689 4308 cerent,
716 4244 760 4297 ne
782 4246 823 4296 ea
844 4222 1033 4319 aliquando
1054 4226 1093 4296 in
1106 4224 1249 4298 crimen
1263 4222 1361 4299 *laesae
1378 4222 1569 4319 Majestatis
1589 4246 1757 4318 raperen-

544 4342 614 4390 tur.
639 4333 643 4341 ’
667 4316 789 4415 Itaque
807 4320 941 4393 hortari
955 4318 1009 4407 se,
1034 4339 1074 4393 ut
1091 4342 1112 4399 a
1128 4322 1250 4415 caeptis
1266 4318 1478 4407 dislsterent,
1503 4323 1561 4408 &‚
1587 4320 1671 4393 dum
1679 4318 1760 4393 Du·

548 4412 631 4491 cissa
651 4414 922 4494 intercessionem
940 4412 1126 4516 suam'ptq
1143 4417 1255 4511 grana
1265 4418 1310 4494 ab
1328 4414 1435 4515 Rege,
1444 4418 1636 4508 obtinenda
1653 4409 1759 4491 offer·
1883 4487 1884 4490 r

1705 4530 1762 4586 ret
1832 4533 1884 4584 Ὗ
