3934 5192
556 544 607 633 ri
726 516 853 689 VJI
905 531 955 629 T
1003 530 1066 625 A·
1148 520 1212 629 V
1261 524 1643 630 I‘G'L'Itl

549 732 643 811 'nium
671 720 863 829 comperit,
888 728 952 803 ubi
972 718 1200 825 prefatorum
1222 720 1426 826 Principum
1446 726 1593 828 Legatit
1606 730 1762 816 ‘audien-

552 836 638 909 tiam
651 829 848 929 praebebat,
876 824 1133 923 deputavitque
1151 826 1311 921 aliquos,
1336 826 1399 935 qui
1419 847 1499 900 cum
1524 824 1609 925 ipsis
1631 828 1761 913 uncta,

552 950 652 1015 rent,
677 928 802 1025 quibus
826 924 965 1019 ngium
981 922 1031 995 ob
1050 924 1176 1017 lingue
1204 934 1412 1017 germanice
1437 928 1676 1021 coguitionem
1696 927 1762 1003 ad·

549 1026 678 1124 junxit.
718 1021 777 1097 Ed
793 1044 908 1097 autern
926 1021 978 1092 illi
997 1019 1208 1105 tendebant,
1231 1040 1273 1092 ut
1287 1017 1467 1093 nudaturi
1481 1022 1645 1098 derebus
1659 1046 1760 1099 com·

553 1120 747 1221 ponendis,
772 1122 903 1191 interea
924 1118 967 1190 ab
983 1118 1089 1189 armis
1106 1110 1301 1190 cessarem,
1352 1114 1467 1210 Quod
1483 1116 1566 1193 crim
1579 1141 1652 1194 non
1668 1122 1761 1197 diiii.

553 1222 667 1293 culter
683 1218 822 1311 Regina
838 1210 1071 1297 consensisset,
1095 1232 1161 1285 uec
1178 1228 1294 1286 tamen
1308 1213 1343 1285 ei
1360 1210 1542 1289 conforme
1556 1216 1759 1293 mandatum

554 1313 599 1390 'aab
618 1312 722 1389 Duce
743 1307 876 1403 silueris
899 1308 1084 1393 haberent,
1107 1304 1148 1381 dc
1173 1308 1397 1382 nihilominus
1414 1306 1560 1421 Regino
1575 1314 1760 1408 persuade.

555 1426 657 1498 rent,
682 1410 812 1484 nuliam
825 1405 997 1481 sessurum
1011 1405 1153 1479 Ducem
1171 1402 1409 1479 difficultatem
1420 1426 1505 1501 quin
1521 1410 1561 1481 iu
1573 1412 1665 1483 idem
1673 1434 1761 1487 con·

404 1496 408 1507 ’
555 1508 717 1591 sentiret,
742 1502 942 1579 consulente
960 1501 1035 1598 (ι)
1053 1502 1212 1574 Ludouico
1234 1498 1406 1595 Prorerfi,
1428 1524 1537 1597 penes
1557 1528 1665 1603 quem
1685 1510 1758 1605 pri·

556 1606 664 1679 maria
679 1602 829 1677 Concilii
847 1600 1040 1673 authoritas
1055 1614 1148 1682 erat,
1172 1616 1212 1670 ut
1236 1598 1420 1694 ingruente
1439 1599 1569 1695 hyeme
1585 1602 1684 1679 Treu
1714 1606 1721 1621 ·
1742 1638 1759 1662 .

552 1718 624 1797 ¹que
640 1698 782 1795 speratis
798 1698 913 1791 aliqua
928 1718 1011 1792 pars
1030 1694 1254 1781 militarium,
1277 1691 1484 1791 ursumptur
1498 1720 1648 1773 nonnec
1696 1702 1759 1775 arii

556 1800 795 1879 evitarentur,
824 1794 1070 1866 dimitteretur.
1120 1787 1269 1883 Cliorufis
1283 1790 1643 1879 reconectitviribus,
1667 1798 1707 1873 ἃ
1720 1797 1760 1871 in

554 1896 731 1967 meliorem
749 1890 900 1986 aliquam
918 1888 1015 1984 spem
1035 1883 1206 1960 adductus
1216 1934 1239 1971 ,-
1251 1884 1288 1957 id
1304 1888 1405 1983 qnod-
1414 1885 1540 1983 Legati
1554 1888 1600 1966 de
1615 1889 1757 1991 suspeu-

553 1988 647 2064 iione
666 2010 841 2063 armorum
852 2004 1014 2080 egerant,
1038 2000 1154 2056 ratum
1171 1982 1301 2057 habere
1314 1985 1459 2075 nolens,
1483 1986 1529 2059 de
1547 2008 1756 2087 recuperau-

559 2084 613 2161 dis
632 2084 807 2159 nonnullis
822 2082 968 2155 urbibus
985 2080 1167 2175 cogitavit.

607 2180 738 2255 XLVI.
765 2177 858 2253 Cium
876 2198 993 2253 autem
1011 2177 1166 2251 Comitia
1186 2174 1377 2272 imperialia
1391 2171 1470 2251 Rex
1488 2176 1707 2253 sermondus
1719 2182 1759 2256 in

408 2321 454 2361 eeu
556 2276 706 2353 mensem
724 2274 968 2351 Nouembrem
983 2270 1223 2370 prorogasset,
1248 2274 1257 2291 ⁰
1312 2294 1353 2346 us
1368 2268 1420 2348 est
1437 2272 1563 2369 {agras
1576 2272 1612 2348 se
1628 2276 1757 2354 iterum

554 2374 670 2449 itineri
698 2376 899 2469 accingere,
922 2394 964 2444 ac
990 2391 1072 2442 curn
1099 2369 1204 2443 sirico
1302 2388 1371 2443 one
1396 2365 1475 2465 (1)
1500 2370 1539 2443 in
1567 2370 1754 2471 Cdcsiugeu

556 2472 802 2566 Nurimbergnnr
818 2470 862 2543 ad
881 2488 922 2543 ea
939 2467 1094 2541 Comitia
1109 2460 1297 2561 proficisci.
1343 2463 1525 2554 Quoniam
1550 2485 1668 2543 autem
1681 2490 1757 2549 tarn

483 2652 486 2657 Δ
554 2567 641 2642 Dux
668 2564 833 2662 clinanssr,
857 2582 961 2661 quam
985 2564 1060 2658 ejus
1076 2582 1187 2637 mater
1204 2558 1279 2658 (a)
1300 2558 1504 2658 nobilesque
1525 2564 1685 2640 nonnulli
1703 2569 1759 2641 iu·

463 2716 465 2723 ,
556 2664 680 2737 cendia
704 2662 899 2757 damnaque
950 2660 1005 2735 alli
1031 2682 1051 2731 a
1077 2656 1246 2731 militibus
1262 2654 1511 2755 eeureuper
1525 2654 1698 2757 Reginum
1720 2664 1758 2741 in

548 2760 736 2835 ‘Ducatum
764 2680 1009 2853 patracensem,
1042 2752 1212 2842 immisit,
1249 2771 1375 2849 graves
1400 2752 1561 2851 querelas
1583 2761 1677 2855 apud
1699 2759 1758 2858 ju·

555 2856 686 2930 dicium
714 2854 873 2929 Camerae
902 2851 1094 2946 imperiulia
1115 2846 1386 2947 exposuerant,
1421 2870 1464 2927 ac
1485 2870 1612 2927 contm
1635 2854 1758 2932 Comi·

555 2973 627 3025 tem
650 2948 866 3037 Burensem,
909 2946 1032 3021 Duum
1059 2946 1104 3021 de
1130 2947 1256 3043 Boffs,
1288 2968 1331 3022 ac
1352 2948 1440 3022 uio·
1464 2951 1638 3046 quondam
1661 2954 1759 3049 cupi·

550 3071 675 3124 taneos
693 3070 736 3123 ac
751 3066 915 3143 proceres
937 3042 1070 3140 Belgiae
1083 3044 1247 3118 mandata
1267 3045 1429 3118 cintoria
1451 3041 1555 3140 super
1578 3044 1758 3123 ulmeio

492 3210 499 3215 .
554 3170 599 3227 ne
620 3147 718 3241 pacis
741 3142 893 3240 pubiicoe
922 3142 1215 3236 impetraverant,
1238 3138 1377 3236 Regina
1391 3138 1487 3215 disto
1503 3140 1633 3218 Baroni
1650 3140 1758 3219 Vinio

555 3244 782 3337 acriclingen
801 3262 842 3313 ac
867 3237 969 3333 Vrglio
994 3234 1195 3322 mandavit,
1216 3236 1298 3310 utS
1324 3239 1411 3311 iram
1434 3232 1674 3316 transeuntes
1733 3244 1759 3296 '-

554 3338 751 3413 ficationem
785 3332 1019 3409 defensionem
1043 3354 1089 3405 ue
1117 3334 1267 3429 aliquam
1292 3334 1306 3407 i
1364 3351 1595 3430 exponerent.

555 3436 597 3507 ed
617 3433 795 3529 diligentias
815 3433 859 3505 ab
884 3429 964 3529 ipsis
989 3428 1025 3503 fa
1085 3450 1121 3502 ιιι
1138 3426 1225 3519 luit,
1248 3430 1492 3503 urciutiouet
1511 3428 1670 3525 processu
1711 3456 1758 3508 ue

552 3530 698 3605 instituti
713 3526 1022 3625 suspenderentur,
1047 3526 1375 3623 remitterentnrque
1390 3528 1436 3600 ad
1453 3520 1579 3622 Regiae
1594 3458 1760 3700 mpaedn·

556 3629 600 3698 tis
618 3622 1293 3719 Ordiumnque'imperiicognitionern,
1318 3622 1446 3719 quibua
1455 3620 1569 3717 ipsrin
1584 3644 1665 3699 man
1691 3626 1759 3703 uls

553 3722 684 3796 habere
700 3718 932 3807 affirmarunt,
955 3740 1028 3790 rem
1047 3736 1158 3793 totam
1175 3728 1352 3815 exponere
1368 3742 1410 3793 ac
1424 3716 1648 3795 sufficientem
1665 3721 1760 3798 satis·

554 3816 739 3891 fallionem
757 3816 926 3913 praebere.
974 3812 1200 3913 Prosefflque
1215 3810 1576 3910 indeNurcubergam
1591 3819 1759 3919 aliqum-
1854 3884 1859 3891 .

554 3914 615 3988 diu
629 3912 739 4009 Regis
756 3912 944 3987 Ferdirardi
961 3911 1151 3985 adventurn
1169 3910 1411 4009 expedierunt.
1458 3910 1625 3993 Tandem
1639 3934 1759 3991 autem

555 4010 761 4085 adveniente
780 3992 1030 4087 etium‘eode'n
1046 4032 1091 4083 ex
1109 4005 1293 4103 Hispaniis
1330 4008 1470 4086 rimatio
1482 4004 1660 4084 ‘Caesarem
1676 4012 1759 4086 Ma·

549 4108 681 4203 jestatis
709 4104 915 4189 Consili'ario
946 4106 1075 4178 Nimiae
1105 4106 1269 4196 Perrnmo
1296 4030 1372 4202 pp)
1400 4104 1486 4180 Duo
1501 4123 1538 4177 ’1
1564 4100 1758 4193 cruento,

554 4202 778 4298 ejusdemque
802 4202 877 4275 filio
902 4202 947 4277 D.
976 4205 1113 4275 Antonio
1134 4198 1316 4297 Episcopo
1338 4199 1571 4371 Alrrburmss',
1602 4220 1686 4277 mox
1713 4205 1759 4278 ab

551 4296 794 4396 propositione
810 4296 931 4394 Regiae
946 4298 1139 4393 Maiestatis
1158 4318 1275 4370 corum
1285 4292 1481 4374 ordinibus
1518 4302 1643 4396 inperii
1652 4297 1759 4388 faur,

391 4396 401 4407 ’
552 4396 705 4495 primiun
727 4394 789 4495 ipsi
809 4396 1041 4482 Granoelilro,
1066 4396 1128 4565 gui
1143 4406 1267 4469 contra
1281 4394 1417 4490 Regem
1438 4397 1658 4471 Francorum
1679 4406 1759 4496 gru·

435 4566 439 4573 .
537 4504 613 4567 'ves
636 4496 796 4593 querelae
814 4490 1000 4592 exposuit,
1023 4514 1067 4570 au
1091 4490 1387 4571 ientiadatesuit.
1432 4488 1759 4667 Deindeoragori-

1124 4636 1129 4646 ·
1168 4614 1190 4639 “’
1694 4612 1755 4679 us,
