3934 5192
291 638 304 659 N
391 542 463 609 m
507 506 768 612 aurun
808 514 1250 613 zmcuunt,
1337 550 1422 643 149.

208 748 241 787 „
257 719 334 785 tur,
354 720 545 777 contentus
558 707 839 794 prioresalario,
859 711 896 777 in
913 709 1061 797 singulos
1077 730 1214 796 quoque
1230 732 1338 781 annos
1360 734 1416 783 me

211 792 475 879 „obstringere
491 810 561 859 non
571 791 752 879 gravabor.
792 792 836 860 Et
850 794 919 861 hoc
934 810 1095 879 tempore
1109 798 1315 866 vacantibus
1332 802 1419 866 mula

213 914 244 951 η
262 892 383 945 torum
402 877 578 960 stipendiis
596 894 667 943 non
691 876 780 943 adeo
798 877 836 943 id
856 896 963 963 grave
982 878 1183 947 Academiae
1201 882 1324 961 nostrae
1343 884 1419 950 sue·

213 998 243 1035 ,‚
260 962 343 1029 rit..
363 962 431 1028 Vel
447 962 469 1025 li
485 961 561 1027 haec
577 962 666 1027 ratio
680 958 736 1025 dis
756 962 859 1038 licet,
879 964 1042 1045 quoniam
1056 982 1127 1029 non
1137 962 1331 1048 professoris
1344 982 1419 1033 tan-

212 1080 242 1117 „
259 1060 338 1111 tum
357 1063 482 1113 munos
496 1043 659 1121 sustineo,
682 980 753 1110 sets
762 1044 954 1111 consiliarii
970 1048 1075 1113 etiam
1091 1048 1229 1117 titulum
1246 1068 1352 1133 gero:
1376 1070 1418 1116 ac

211 1166 244 1205 ‚,
259 1129 309 1195 D.
330 1126 484 1212 Frontisco
502 1127 683 1195 uomodo
702 1144 723 1193 e
740 1129 831 1195 vivis
843 1128 998 1207 sublato,
1022 1133 1130 1215 major
1142 1130 1234 1197 forte
1247 1152 1419 1201 nonnum-

214 1250 244 1287 „
261 1228 366 1296 quam
386 1214 456 1278 mei
476 1210 554 1279 usus
570 1212 706 1277 futurus
726 1211 798 1290 ea,
831 1214 905 1295 eJ'us
922 1212 1027 1280 oflicii
1044 1216 1186 1281 nomine
1207 1218 1293 1283 citra
1310 1218 1418 1283 ullum

213 1340 243 1376 „
259 1294 519 1378 consequentiae
537 1294 777 1381 praejudicium
798 1296 965 1379 Princeps
981 1316 1134 1365 annuum
1155 1299 1291 1381 aliquod
1308 1302 1419 1367 hono*

216 1425 246 1461 ,‚
261 1380 569 1529 ratiumdpraebere
584 1376 720 1464 posset,
748 1396 793 1445 ne
813 1380 957 1445 omuino
978 1382 1118 1447 inanem
1143 1382 1345 1467 dignitatern
1361 1404 1419 1468 ge-

217 1508 245 1544 „
262 1481 344 1530 rere
359 1464 398 1527 vi
424 1480 511 1531 erec.
554 1463 716 1546 Quorum
732 1463 879 1529 alterum
897 1463 1096 1549 srPrinceps
1115 1469 1292 1544 annuerit,
1315 1466 1351 1535 dt
1367 1470 1420 1535 uti

217 1591 244 1627 „
287 1547 386 1613 rimis
409 1546 580 1630 capitibus
603 1547 750 1622 notavi,
780 1547 851 1612 loci
878 1547 1124 1633 dignitatisque
1151 1550 1286 1618 istiusce
1309 1554 1419 1618 Scho-

218 1673 245 1709 „
257 1566 391 1699 -Ballicae
413 1629 643 1715 possessionem
663 1629 748 1695 milii
767 1630 1043 1698 confirmaverit:
1067 1632 1262 1727 in.longius
1281 1649 1422 1783 temlpus

93 1705 95 1780 ῗ
218 1715 349 1793 „huic
377 1715 512 1781 muneri
535 1712 701 1781 inservire
729 1730 801 1779 nou
829 1713 1006 1782 recusabo.
1049 1715 1140 1783 Cum
1165 1736 1251 1783 vero
1280 1718 1324 1785 ad
1374 1738 1419 1787 oc

93 1819 94 1888 q
219 1812 325 1877 „tua
347 1798 408 1864 Ma
453 1796 607 1864 llicentia
625 1798 813 1880 plurimum
834 1798 1022 1883 adJumentl
1043 1798 1136 1867 serre
1162 1799 1278 1883 poffit,
1307 1802 1330 1867 fi
1352 1821 1418 1888 ego

219 1924 247 1961 ,‚
264 1883 330 1948 tibi
350 1899 392 1948 ea
438 1883 578 1964 tincipis
591 1880 808 1965 benignitate
827 1879 862 1949 dt
879 1882 1066 1950 clementia
1078 1882 1202 1968 dignus
1219 1884 1360 1962 videor,
1380 1886 1421 1954 dc

93 2015 94 2018 =
219 2006 246 2042 n
262 1984 380 2037 meam
392 1984 537 2051 operam
553 1966 635 2029 huic
654 1964 855 2031 Academiae
872 1966 978 2030 alicui
992 1964 1067 2031 usui
1086 1954 1261 2033 honorive'
1274 1969 1337 2037 esse
1354 1988 1419 2052 pu-

93 2057 94 2062 ’
221 2064 338 2128 „·taa‚
358 2048 473 2135 qnaeso
487 2064 528 2116 nt
542 2064 603 2116 tua
622 2048 926 2116 commendatione
949 2066 1024 2115 eam
1049 2069 1122 2117 rem
1140 2068 1346 2133 promoveas
1370 2068 1419 2119 at-

93 2203 95 2220 ,
221 2172 247 2211 „
312 2133 532 2201 econsrcias.
573 2132 634 2199 Sin
654 2148 743 2198 vero
765 2131 862 2226 secus
884 2131 1115 2228 existimabis:
1149 2134 1196 2229 ⁰¹³.
1220 2153 1296 2229 earn
1316 2154 1419 2217 quant

220 2234 513 2377 :zdrl'dllr‘ssl
532 2215 890 2395 ulnauaa‘la
901 2216 1336 2385 salalrrlltldlflnla
1351 2236 1419 2367 lli}

93 2375 94 2424 ἶ
221 2424 247 2461 ,,
264 2398 339 2451 tem
359 2382 498 2452 efficere
520 2400 592 2448 non
614 2382 696 2450 dedi
719 2400 829 2461 neris,
849 2395 889 2447 ut
907 2381 1002 2449 bona
1025 2401 1105 2449 curn
1125 2385 1234 2468 gratia
1250 2382 1419 2468 Principis,

93 2513 94 2548 2
220 2508 246 2545 ‚,
263 2469 348 2535 alibi
371 2470 456 2535 meis
479 2466 582 2535 rebus
601 2464 690 2531 cons
720 2484 781 2533 ere
804 2465 888 2531 mihi
905 2466 1022 2533 liceat.
1063 2465 1156 2533 Cum
1176 2468 1281 2553 igitur
1299 2486 1416 2535 meum

93 2573 94 2596 l
224 2554 419 2628 „animum
449 2564 569 2636 aperte
592 2548 669 2616 satis
686 2548 759 2615 tibi.
776 2547 994 2645 exposuerim
1009 2597 1024 2627 ,
1049 2548 1162 2633 quaeso
1188 2566 1349 2635 utquam
1371 2552 1415 2619 ad

93 2631 95 2646 '
219 2636 461 2718 „Principem
491 2634 612 2702 eadem
637 2634 747 2700 dere
774 2632 953 2717 epistolam
982 2635 1176 2718 conjunxi,
1210 2634 1416 2701 Clementia:
1524 2652 1526 2657 ·

93 2745 95 2790 τ
220 2760 247 2796 „
263 2718 353 2797 suae,
380 2718 485 2787 fitibi
506 2720 556 2784 ita
571 2715 770 2791 uidebitur,
799 2716 981 2784 exhibeas:
1015 2715 1052 2783 dt
1080 2716 1174 2800 quod
1197 2719 1282 2785 meis
1307 2719 1420 2790 literis

93 2811 95 2870 ὲ
221 2844 248 2881 ,,
264 2804 485 2870 committere
500 2801 598 2867 ausus
613 2818 683 2866 non
699 2798 754 2864 ful
772 2812 831 2865 tua
846 2798 884 2865 su
908 2801 1006 2883 plere
1022 2798 1182 2867 facundia
1203 2820 1273 2867 non
1293 2820 1417 2887 grave·

221 2929 248 2963 ,‚
263 2902 335 2954 tur.
374 2886 469 2953 Bene
483 2884 561 2951 vale
581 2882 778 2967 Iogolstadii
795 2900 845 2964 015
899 2884 1148 2966 prilis1540.''
1188 2882 1244 2949 Ex
1259 2902 1328 2952 tom.
1349 2900 1378 2965 3.
1395 2906 1417 2951 o

216 2991 252 3059 p.
271 2989 344 3053 194.
369 2968 403 3038 V
412 2990 444 3037 u.
484 2968 583 3035 Nihil
592 2968 718 3033 horum
734 2966 885 3033 obtinuit
903 2967 1042 3051 ngiua
1062 2968 1113 3033 uti
1125 2964 1168 3033 ad
1184 2968 1285 3047 nou.
1303 2964 1417 3052 Wolf·-

218 3072 355 3140 gangum
414 3068 578 3136 ungarum,
600 3048 779 3135 postquam
795 3053 866 3136 jam
884 3050 1061 3117 Bruxellas
1087 3048 1323 3129 concesserat,
1351 3070 1415 3117 ex-

98 3164 106 3177 ·
220 3135 337 3225 preliis
359 3134 477 3203 scribit
492 3133 629 3211 verbisr
649 3173 675 3208 n
690 3134 817 3201 Delata
836 3132 902 3210 est,
922 3140 1039 3219 inquit,
1060 3133 1215 3199 conditio
1239 3154 1320 3201 curn
1345 3135 1419 3217 pri«

222 3222 329 3298 „mis
360 3218 562 3304 splendida,
591 3215 783 3285 Consularis
806 3216 974 3283 videlicet
999 3216 1174 3300 dignitatis
1195 3218 1231 3283 in
1255 3217 1413 3301 supremo

221 3344 249 3382 ,‚
264 3308 366 3389 hujus
388 3300 449 3372 aet
475 3306 481 3316 '
506 3324 537 3369 ae
552 3301 744 3385 provinciae
763 3300 899 3379 senatu,
920 3298 1123 3383 &Magistri
1132 3292 1327 3367 libellorum
1336 3298 1419 3383 sup-.

220 3430 248 3468 ‚,
263 3390 408 3475 plicum.
487 3405 535 3455 uo
563 3386 695 3451 honore
721 3382 868 3447 Budaeum
898 3384 936 3448 in
968 3383 1082 3450 Gallia
1109 3381 1264 3449 sunslum
1294 3384 1414 3449 memi-

136 3541 140 3545 ,
221 3503 246 3551 ,-,
262 3472 351 3540 nisti.
380 3468 642 3538 ‘scholasticum
663 3478 781 3534 autem
799 3465 885 3532 illud
908 3484 1031 3533 munus
1056 3465 1115 3533 etsi
1142 3482 1213 3531 non
1240 3466 1307 3533 stne
1330 3484 1415 3549 qua-

95 3626 100 3643 ,
221 3598 248 3637 „
263 3556 347 3623 dam
368 3556 475 3621 animi
500 3554 685 3635 voluptate
711 3549 757 3615 ob
780 3550 1019 3631 quotidianum
1040 3551 1217 3617 literarum
1242 3548 1279 3617 dc
1298 3550 1413 3617 erudi.

220 3675 248 3719 2,
264 3640 373 3706 donis
392 3636 540 3705 srussum
564 3637 886 3716 incrementnmque
899 3630 1132 3701 sustinebam:
1156 3650 1341 3716 numquam
1363 3648 1417 3699 ta-.

222 3766 247 3803 ,‚
263 3740 346 3789 men
367 3736 540 3805 perpetuo
555 3720 592 3785 ld
611 3717 727 3783 saxum
741 3717 887 3784 volvere
907 3734 1068 3800 umquam
1091 3718 1327 3785 decreveram.
1368 3718 1414 3785 Et

224 3848 251 3885 ‚,
265 3806 413 3890 impleto
436 3803 686 3871 ordinariorum
709 3800 895 3868 lefflonum
915 3800 1091 3868 curriculo
1119 3798 1197 3867 satis
1226 3819 1281 3866 me
1309 3814 1417 3867 mate-

225 3931 252 3965 „
268 3891 331 3956 riae
349 3890 572 3973 complexum
592 3885 771 3961 cristino,
798 3884 893 3967 quod
913 3884 957 3950 ad
979 3885 1127 3968 aliquam
1146 3883 1238 3967 spem
1257 3884 1418 3951 editionis

225 3992 332 4057 „per
358 3972 471 4038 otium
503 3969 685 4053 aliquando
709 3968 865 4053 expolire
915 3966 1019 4033 oll'un.
1059 3968 1142 4034 Non
1169 3967 1273 4035 habet
1300 3982 1417 4033 autem

225 4098 253 4133 „
268 4054 474 4141 Magnificus
491 4070 657 4139 patronus
675 4050 790 4119 noster
807 4070 877 4134 quo
920 4049 964 4116 de
981 4069 1061 4117 meo
1075 4068 1302 4134 praepropero
1322 4051 1419 4117 abitu

227 4180 253 4216 ‚,
268 4141 487 4224 indignetur,
507 4158 588 4206 cum
609 4136 652 4203 ad
672 4132 784 4201 nullos
803 4152 911 4201 annos
934 4134 1104 4230 nullisque
1126 4135 1233 4199 literis
1253 4149 1313 4199 aut
1335 4152 1418 4217 pro·
1474 4186 1480 4197 .

222 4266 254 4307 7,
267 4226 352 4309 priis
364 4238 425 4289 aut
442 4222 612 4305 Principis
630 4218 708 4305 post
726 4217 890 4285 effluxum
906 4218 1091 4283 triennium
1108 4215 1257 4283 astrislus
1273 4218 1417 4293 fuerim,
1521 4224 1525 4231 '

228 4348 254 4384 „
269 4307 307 4377 dc
332 4326 374 4375 ea
396 4324 473 4390 quae
492 4320 533 4372 ut
554 4304 652 4371 isthic
673 4304 709 4369 lo
759 4304 808 4369 'us
827 4298 1180 4397 maneremapromilla
1200 4316 1322 4376 erant,
1352 4318 1418 4366 nen

150 4482 156 4496 ι
224 4432 251 4471 „
267 4407 307 4461 ut
334 4389 640 4487 Principisliteris
668 4405 736 4456 con
815 4400 984 4552 afrengtur,
1011 4398 1196 4471 impetrare
1228 4385 1420 4536 potuerim62

357 4522 361 4529 r
1342 4504 1366 4541 θ’
