3934 5192
296 408 303 416 ⁵
355 481 559 584 suana
586 479 783 577 ineos.
811 439 1033 575 oocrrn
1061 478 1332 576 oannnn.
1393 510 1493 606 305,
1541 507 1545 512 ·
1729 507 1738 518 „

269 673 391 772 ipsum
419 676 711 750 convenientibus
738 675 927 770 objecerit,
950 698 1023 760 pon
1050 675 1176 750 debere
1191 700 1251 750 eos
1270 678 1314 750 de
1331 684 1492 758 Decium

276 773 520 867 publicatione
538 775 741 867 conqueri,
765 771 845 846 crim
876 769 941 867 ipsr
960 773 997 842 in
1015 796 1088 847 earn
1105 771 1349 850 consenserint.
1400 779 1476 866 Qui

278 870 420 964 quidem
436 870 677 962 reputavere,
702 892 773 941 non
792 868 905 940 libere
918 891 999 940 eum
1015 867 1327 947 consensumfuiffe
1346 877 1488 966 prasii-1

276 984 371 1051 tom,
397 964 456 1038 sed
471 964 703 1038 dumtaxatne
713 963 1091 1060 reputationemDucis
1104 967 1292 1050 laederent,
1318 969 1476 1062 ipsumve

276 1061 539 1148 contristarent,
564 1086 606 1135 ac
620 1061 683 1133 sub
699 1059 759 1156 spe
777 1058 817 1134 dt
833 1059 1050 1155 promissione
1068 1063 1165 1160 quod
1183 1066 1379 1137 executioni
1403 1089 1488 1149 non.

277 1158 509 1240 mandaretur.
562 1158 783 1251 Quamquam
803 1176 918 1239 autent
935 1177 1009 1238 tum
1023 1157 1206 1236 uidebatur
1221 1159 1306 1232 Dux
1325 1163 1488 1256 postula.

277 1258 316 1326 'ta
348 1250 646 1328 isannoniensrum
680 1249 971 1348 simpliciteresse
1003 1249 1216 1348 rejeeturus,
1241 1255 1484 1332 differendum

276 1369 393 1422 tamen
424 1347 574 1436 censuit,
598 1372 641 1434 ut
666 1349 766 1445 supra
799 1349 928 1424 diuum
958 1351 1028 1433 est,
1055 1351 1180 1426 donec.
1199 1355 1306 1430 ceteri
1332 1379 1476 1449 quoque

74 1422 75 1439 ἶ
171 1471 175 1476 ·
275 1443 626 1532 Statusadvenirent,
652 1471 775 1540 resque
795 1447 915 1536 ada5.
941 1445 1031 1519 diem
1045 1446 1487 1539 Septembrisdilatafuna

276 1565 318 1616 ac
344 1565 424 1637 quae
449 1565 494 1614 eo
515 1542 572 1618 die
594 1545 630 1622 in
649 1541 808 1621 Consilio
830 1539 906 1614 ada
924 1539 1053 1625 fuere,
1086 1565 1129 1616 ex
1152 1545 1372 1636 particularis
1397 1545 1488 1631 scri-5

274 1640 333 1734 pti
362 1638 549 1727 relatione,
574 1640 669 1734 quod
689 1640 749 1710 hic
765 1637 937 1732 sequitur,
964 1637 1128 1733 cognosci
1147 1643 1288 1734 poterit.
1480 1636 1486 1645 '
1552 1659 1557 1670 ·

325 1732 420 1805 XLI.
449 1733 569 1807 Status
584 1738 801 1828 antiquarum
817 1735 1073 1816 provinciarum
1088 1733 1219 1830 Belgiae
1242 1735 1391 1818 nostrae,
1412 1761 1476 1832 pu-

226 1899 234 1913 ,
274 1829 408 1904 blicato
429 1825 685 1927 Editio-super
699 1831 852 1917 Decimi,
866 1820 1070 1922 Wgestnnqut
1092 1835 1228 1904 Oenotri
1245 1833 1475 1922 cosieciione,

216 1957 219 1962 ·
278 1950 363 1998 mox
382 1926 581 2020 frequentes
600 1931 643 2001 ad
667 1928 795 2000 curiam
817 1923 1020 2014 confluxere
1040 1925 1284 2021 deprecatum,
1309 1953 1352 2002 ne
1375 1932 1501 2004 illum'

275 2019 519 2096 Exceiitiasua
529 2027 687 2118 exigere,
713 2023 769 2094 sed
778 2024 897 2119 potius
910 2021 1039 2114 Quotis
1054 2044 1158 2104 antea
1174 2024 1217 2096 ab
1228 2024 1307 2119 ipbs
1323 2027 1475 2114 oblatis,

276 2141 338 2193 aut
357 2139 397 2190 ut
421 2124 580 2197 nonnulii
602 2121 687 2216 (qui
700 2143 761 2192 -eas
782 2121 840 2190 vei
864 2121 1083 2212 inaequales,
1108 2123 1179 2198 uei
1196 2122 1336 2198 nimium
1351 2146 1489 2208 eorum·
1601 2169 1608 2176 -

231 2261 245 2279 a
275 2215 433 2310 respestu
447 2218 631 2291 exccffivas
649 2216 715 2290 esse
730 2215 976 2309 praetendunt)
1000 2238 1063 2308 per
1075 2217 1247 2306 generabo
1267 2211 1378 2290 inedia
1391 2219 1487 2292 duo·

275 2334 353 2383 rum
370 2312 564 2422 milbonum
581 2314 695 2388 annui
714 2313 935 2406 praestatione
962 2329 1147 2394 contentus
1167 2311 1232 2383 esse
1258 2314 1475 2406 dignaretur:

275 2407 424 2482 diversas
434 2410 478 2482 ad
490 2413 724 2486 haecrationes
733 2407 916 2498 Excelltiae
925 2407 994 2477 sote
1005 2404 1134 2502 scripto
1143 2406 1346 2488 eniiibentes
1358 2459 1369 2494 ,
1390 2409 1478 2484 affir-

276 2524 510 2601 mantesque,
542 2509 673 2578 Decimi
691 2509 832 2578 Denaris
862 2502 1076 2577 exastionem
1100 2503 1143 2576 ad
1162 2502 1397 2577 confusionem
1423 2529 1477 2580 to·
1537 2563 1541 2568 .

268 2603 380 2673 -taiem
393 2604 518 2697 patriae
536 2602 702 2686 tendere,
726 2625 841 2695 neque
858 2599 1130 2672 moderationem
1155 2601 1207 2671 illi
1230 2605 1322 2673 malo
1347 2601 1478 2690 mederi

275 2690 385 2791 posse.
433 2698 640 2791 Jamque&
661 2703 829 2793 plurimos
848 2719 1080 2784 mercatores,
1105 2719 1322 2805 operumque
1341 2696 1477 2772 mecha·

242 2873 246 2878 ,
274 2793 434 2867 nicorum
453 2793 625 2878 artifices,
650 2799 708 2868 vei
727 2795 1126 2878 tabernasconciudcre,
1153 2797 1206 2864 vel
1224 2796 1293 2867 alid
1308 2796 1478 2888 migrare,

276 2890 566 2986 plebecuiaeqoe,
593 2915 674 2986 quae
691 2899 735 2964 ab
757 2891 838 2984 ipsis
855 2891 900 2960 ali
912 2891 1018 2974 solet,
1044 2889 1131 2960 nihii
1149 2892 1296 2982 amplius
1315 2891 1477 2985 suppedi-

276 2988 344 3060 tari
360 3008 528 3080 operum,
553 2990 650 3061 unde
665 2991 794 3060 evitium
813 3009 968 3080 quaerere
991 2986 1117 3080 possit,
1151 3007 1232 3056 cum
1261 2987 1337 3058 aliis
1357 2987 1475 3059 multis

278 3083 469 3157 rationibus
496 3084 639 3179 scriptio
655 3107 723 3178 per
749 3084 901 3176 singulos
929 3082 1046 3154 Status
1077 3081 1269 3164 exhibitis,
1301 3103 1365 3176 per
1391 3104 1476 3178 quaa
1534 3139 1538 3146 .

276 3179 410 3251 ruinam
425 3184 550 3276 patriae
570 3182 774 3276 impendere
799 3179 990 3255 asserebant
1008 3229 1021 3264 ,
1055 3176 1080 3254 st
1103 3179 1147 3253 ad
1164 3175 1282 3258 Edisti
1299 3181 1477 3253 executio-

253 3280 359 3348 ‘nem
380 3278 601 3370 procedatur.
1487 3322 1490 3330 ·

293 3451 298 3459 ,
326 3366 439 3444 XLIs.
466 3373 609 3468 Quibus
636 3371 779 3466 quidem
803 3367 938 3465 scriptis
967 3389 1026 3441 aot
1055 3392 1172 3440 eorum
1201 3368 1390 3444 sommariis
1417 3389 1496 3456 25..

277 3463 491 3563 Septembris
519 3468 679 3553 tenetis,
705 3465 872 3559 prasente
892 3467 1016 3548 Duce,
1043 3464 1327 3558 Betlayrnontio,
1352 3464 1479 3560 Viglio
1541 3519 1544 3524 ·

282 3561 814 3658 &'sysenathioPraes1dibus,
846 3586 887 3636 ac
906 3561 1073 3636 Sebetzio
1097 3561 1358 3650 Thesaurario,
1390 3559 1476 3634 Dux
1576 3617 1588 3626 .

278 3659 393 3744 dixit,
426 3663 604 3737 omnia-ea
623 3657 690 3733 eise
712 3660 990 3751 impertinentia,
1025 3681 1090 3732 nec
1110 3679 1299 3756 propterea
1324 3655 1421 3752 posse
1440 3655 1476 3734 se

278 3753 322 3826 ab
344 3778 464 3850 coepto
490 3755 658 3830 desistere.
709 3751 987 3841 Quamobrem
1008 3757 1118 3849 jussit,
1149 3778 1189 3828 ut
1208 3755 1373 3852 postridie
1394 3776 1477 3828 con·

213 3898 220 3911 ι
277 3855 456 3935 venirent,
484 3851 521 3932 δι
538 3847 733 3946 responsum
749 3852 786 3922 in
802 3875 880 3940 eam
893 3851 1096 3928 sententiam
1104 3854 1338 3947 conciperent.
1388 3850 1480 3922 Aliis

278 3969 394 4020 autem
423 3950 487 4023 alia
510 3948 706 4024 dicentibus
729 3971 771 4021 ac
794 3949 1022 4043 allegantibus
1038 4000 1053 4031 ,
1085 3951 1123 4022 in
1146 3952 1218 4022 hoc
1237 3949 1390 4029 omnium
1405 3945 1479 4018 sen-

280 4048 402 4117 tentiae
420 4045 841 4131 conveneruntsdamni,
891 4046 1080 4139 ericuiique
1107 4045 1246 4140 plenam
1266 4041 1379 4138 ejusce
1400 4065 1480 4116 exe·

276 4144 456 4214 rcutionem
481 4143 602 4232 videri.
654 4141 819 4236 Cumque
843 4069 936 4212 itsem
964 4139 1098 4212 Praeses
1130 4139 1270 4236 Viglius
1301 4137 1480 4223 assereret,
1551 4167 1553 4171 ·

277 4233 430 4330 ideoque
452 4238 488 4310 in
511 4261 549 4312 re
572 4238 661 4314 tanti
680 4238 847 4311 momenti
872 4233 1059 4309 consultius
1076 4237 1108 4308 ei
1127 4237 1268 4326 videri,
1294 4257 1334 4309 nt
1355 4231 1481 4329 praesa-

277 4350 315 4410 ta
346 4335 508 4412 executio
536 4335 583 4430 ad
612 4358 720 4415 onum
745 4355 807 4416 aut
833 4333 987 4528 altger}
1013 4330 1162 4437 mensem
1195 4331 1480 4523 suspmdetetplrpo,

917 4452 943 4530 (1
1274 4525 1280 4538 .
