3934 5192
779 493 1518 592 PRAEFATIO.

561 691 661 810 legio
692 677 861 808 Clariffi
887 688 1073 797 Prastds
1105 686 1232 808 Vtgttt
1265 687 1499 777 Zuichemi.
1556 685 1664 779 Haec
1683 687 1752 778 Bt·-

562 806 772 910 bliotheca
791 805 947 920 prodiit
963 806 1213 916 Antverptae
1242 831 1354 890 anno
1378 806 1498 916 1643.
1526 802 1600 895 ubi
1626 802 1754 892 Man·

560 929 688 1036 gorius
705 942 802 1008 ante
828 945 961 1006 annos
988 919 1307 1032 quatuordecim
1323 945 1348 1003 e
1366 917 1476 1006 vivis
1496 917 1750 1021 excesserat,

565 1046 606 1124 dr
629 1033 704 1125 ubi
720 1033 903 1120 editores
932 1029 1047 1117 illam
1073 1038 1162 1139 ejus
1181 1030 1518 1120 lucubrationem
1555 1031 1755 1144 ignorare

565 1174 653 1236 non
689 1143 925 1258 potuissent.
982 1137 1203 1231 Postremo
1237 1171 1328 1229 non
1365 1144 1487 1256 capio
1525 1169 1634 1255 ego,
1675 1169 1753 1229 cur

565 1261 799 1374 Margarita
827 1258 924 1346 huic
965 1255 1072 1346 Vita
1107 1253 1345 1368 praefixiffet
1376 1279 1535 1343 nomen
1573 1255 1758 1343 Adriani
1805 1324 1813 1332 .

570 1375 782 1474 Gaudani‚
810 1367 1022 1486 suppreffo
1036 1371 1212 1484 proprio
1227 1369 1505 1483 cognomine,
1534 1367 1652 1480 quod
1680 1395 1753 1455 ex·

566 1485 707 1598 presfit
725 1505 821 1572 ante
842 1485 919 1571 alia
943 1481 1012 1572 sua
1033 1511 1165 1595 opera
1184 1511 1277 1596 quae
1305 1483 1420 1594 typis
1459 1479 1608 1568 excusa
1645 1477 1756 1571 sunt.

564 1599 645 1690 His
668 1597 795 1702 adde,
825 1595 944 1711 quod
981 1598 1069 1685 haec
1103 1591 1202 1687 Vita
1227 1593 1270 1684 V
1268 1594 1353 1710 iglii
1385 1605 1540 1679 anctore
1566 1593 1757 1680 Adriano

422 1723 426 1732 ’
571 1715 792 1812 Gaadano,
820 1711 864 1796 in
884 1709 1019 1798 domo
1047 1704 1463 1823 profeffaSocietatis
1490 1705 1616 1812 Jnsu
1646 1708 1758 1795 Ant·

565 1828 744 1938 verpiae,
773 1823 817 1909 in
845 1853 927 1936 qua
946 1844 1140 1912 mortuus
1167 1820 1249 1924 est,
1276 1818 1481 1933 nusquam
1499 1821 1754 1932 reperiatur,

567 1959 826 2140 proban
847 1937 919 2050 sup
923 1939 1012 2134 &³1⁰
1013 1929 1485 2134 {fiditdidii
1496 1929 1761 2135 {affl

566 2071 889 2252 nnrzdsltosugrcrnutrss'
906 2077 1138 2275 ifflpendit,
1166 2161 1209 2246 dc
1243 2183 1380 2271 nuper
1414 2155 1646 2285 admodum
1668 2157 1762 2247 hoc

567 2275 709 2365 seculo
745 2273 966 2366 defunctus
996 2273 1067 2363 est.
1125 2271 1189 2362 Et
1220 2269 1333 2358 haud
1366 2267 1460 2357 satts
1488 2267 1563 2360 fibi
1594 2271 1756 2362 constat

568 2388 827 2506 Heaffenius,
856 2390 928 2502 qui
946 2387 1075 2500 paulo
1103 2383 1198 2501 post
1225 2383 1371 2470 locum
1395 2384 1569 2471 citaturn
1586 2384 1644 2472 ita
1665 2386 1757 2474 feri·

568 2501 632 2596 bit
659 2506 743 2611 (6)
779 2501 990 2590 Adrianus
1031 2497 1257 2614 dorserta,
1289 2495 1440 2584 Gauda
1467 2525 1575 2585 anno
1595 2504 1767 2585 circiter

575 2641 596 2699 1
603 2639 625 2728 5
631 2640 653 2719 3
660 2639 697 2722 3.
727 2641 779 2700 ex
806 2641 880 2700 non
909 2619 1041 2729 ignota
1056 2611 1226 2722 farrdia
1251 2628 1367 2698 natus
1379 2671 1392 2712 ,
1409 2607 1544 2718 stadia
1582 2605 1766 2700 Lorarii·

379 2756 393 2773 ·
570 2755 643 2814 nan
679 2725 895 2837 infeliciter
938 2724 1116 2843 absolvit.
1173 2722 1328 2813 Fertur
1351 2719 1478 2833 faie
1513 2724 1768 2836 amanuenfis·

575 2837 701 2955 Vtgta·
738 2837 990 2943 Znichenri,
1032 2845 1146 2948 cujas
1173 2838 1316 2923 littera
1344 2837 1469 2924 tribas
1493 2835 1759 2927 uoluminibus

453 3053 458 3060 ,
569 2949 622 3038 ab
659 2949 844 3039 Adriano
885 2952 1078 3044 Goudana
1112 2950 1238 3067 polito
1272 2949 1423 3038 calamo
1462 2947 1685 3066 descripta,
1714 2958 1759 3039 in

574 3063 748 3180 Collegio
787 3066 830 3158 V
829 3062 914 3180 iglii
948 3085 1098 3180 prater
1132 3062 1216 3150 alia
1250 3064 1326 3149 duo
1340 3133 1346 3149 .
1360 3059 1567 3148 volumina
1578 3127 1592 3167 ,
1628 3063 1759 3177 adfer
1820 3157 1824 3162 ,

571 3198 738 3265 uantur.
796 3175 856 3266 Et
879 3205 956 3292 per
978 3177 1210 3270 asteriscum
1237 3167 1408 3264 inferius
1429 3195 1572 3264 notat:
1600 3175 1672 3266 dac
1707 3175 1769 3264 ad·
1806 3221 1821 3249 ·

571 3291 662 3378 aliis
691 3290 872 3380 Adriano
890 3288 1100 3406 Mangotio
1116 3285 1329 3377 'triduitan
1386 3285 1512 3375 Alios
1547 3287 1644 3377 illos
1669 3317 1767 3377 non.

572 3404 776 3492 nominat.
798 3451 802 3460 ·
835 3402 922 3496 Sed
942 3405 1043 3518 quid
1063 3425 1155 3493 turn
1170 3401 1338 3516 postea?
1367 3397 1589 3489 Habemus
1610 3402 1763 3492 Adria·

444 3607 448 3610 .
574 3546 642 3605 nos
674 3517 890 3604 Gandanor
905 3515 1042 3620 duos,
1068 3521 1110 3606 δι
1135 3514 1315 3621 ambo&
1338 3511 1367 3602 st
1390 3510 1601 3629 Heufflnio
1634 3517 1772 3606 credi*

575 3657 693 3730 mus,
725 3633 873 3716 Vrann
903 3627 1198 3732 amanuenses,
1226 3627 1344 3741 quod
1363 3626 1465 3719 mihi
1483 3649 1627 3716 tamen
1643 3629 1763 3718 nulli·

574 3741 618 3834 bi
639 3743 851 3845 occurrit,
879 3765 959 3828 nee
992 3739 1047 3832 ab
1082 3743 1172 3854 ipso
1209 3741 1448 3853 probatur..·
1484 3741 1771 3831 Alteruterne·

580 3851 720 3942 Vitam
759 3853 957 3948 V1GL11
996 3853 1185 3967 scripfit?
1223 3851 1328 3941 Non
1367 3853 1510 3968 liquet.
1568 3855 1671 3971 Ego
1706 3853 1772 3943 fic.

575 3966 729 4053 statuo..
783 3963 895 4055 Cim
915 3965 1119 4056 secundus
1142 3963 1286 4055 codex
1308 3966 1449 4055 noster
1471 3967 1585 4056 hunc
1611 3968 1766 4059 habeat

574 4077 744 4169 titulum
756 4112 772 4167 ι·
798 4076 898 4170 Vita
919 4077 1146 4171 Reuerendi
1164 4079 1226 4170 D.
1241 4079 1287 4177 V
1282 4082 1369 4200 iglit'
1383 4144 1487 4174 .....
1510 4101 1592 4196 per
1612 4081 1772 4170 Adria-

1667 4219 1772 4286 tuan

677 4325 741 4414 (6)
761 4329 839 4416 Pag.
855 4333 928 4416 308.
943 4332 995 4402 cd.
1018 4349 1048 4402 ι.
1070 4330 1207 4418 abisur„
