3934 5192
525 551 610 644 304
667 520 1062 620 contuimur.
1103 517 1259 612 nan.
1301 517 1576 614 noran.
1644 539 1653 606 ·,

524 721 643 794 adhuc
659 720 895 800 currentium,
920 715 1109 790 convenire
1125 711 1282 810 scripsit,
1308 733 1348 788 ut
1364 711 1544 788 consilium
1561 712 1729 792 inireve-

524 819 616 902 lint,
640 839 712 908 quo
733 811 931 910 hujusmodi
950 811 1193 906 impositiones
1213 814 1402 895 tollantur,
1428 831 1468 883 ac
1484 813 1521 882 in
1538 810 1636 884 aliud
1645 811 1726 886 sub-

526 909 649 985 sidium
672 928 925 984 convertantur
950 907 1186 1004 praestandum
1215 905 1319 1002 super
1349 909 1470 989 terris,
1497 929 1540 978 ne
1569 930 1725 1006 eaquae

525 1009 754 1091 venduntur,
780 1011 870 1079 ultra
887 1007 1051 1080 Derirnum
1075 1007 1248 1078 Denarirrm
1266 1022 1464 1096 graventur.

575 1103 767 1177 XXXIX.
795 1104 1035 1175 publicatione
1058 1120 1171 1172 autem
1198 1099 1314 1185 faeta,
1335 1099 1603 1174 nemoStatuum
1620 1099 1726 1172 valde

528 1227 595 1300 pro
624 1202 733 1274 eravit
751 1198 915 1271 Edicium
925 1201 1048 1271 Decimi
1068 1199 1200 1270 Denarii
1219 1197 1367 1292 exequi,
1393 1199 1431 1270 dt
1453 1219 1524 1268 uno
1544 1199 1651 1268 alium
1666 1219 1725 1268 ex-

525 1225 714 1394 pediante,
747 1295 817 1367 fine
848 1291 974 1367 effectu
1008 1290 1172 1365 Edidlum
1195 1294 1406 1387 aliquamdiu
1435 1291 1638 1385 permanfit,
1667 1295 1729 1366 do·

532 1419 600 1468 nec
619 1395 758 1479 Status,
784 1391 846 1462 sub
870 1407 1044 1486 praetextu
1061 1389 1105 1462 ad
1123 1391 1255 1461 litteras
1269 1387 1374 1483 ipsius
1389 1388 1502 1462 Ducis
1516 1388 1731 1483 responden·

391 1477 417 1588 'h
532 1489 590 1574 di,
617 1492 750 1564 curiam
773 1511 863 1559 unus
887 1484 967 1579 post
1001 1487 1117 1560 alium·
1136 1485 1329 1560 accederet.
1379 1483 1486 1557 Primi
1517 1505 1629 1560 autem
1651 1508 1730 1558 orn-

533 1591 633 1660 nium
657 1585 757 1658 suere
787 1581 1084 1665 Hannonienses3
1119 1605 1159 1652 ac
1191 1579 1270 1657 elim
1298 1601 1432 1656 ceteros
1463 1583 1641 1654 initincre
1658 1579 1731 1656 effe

531 1679 1213 1764 fuissetnunciatum,distulitldxcelltia.
1229 1676 1512 1772 suaresponsum.
1540 1681 1658 1752 donee
1671 1679 1732 1752 alii

532 1778 608 1851 fere
632 1776 857 1850 advenissent.
908 1775 1043 1848 lnterea
1068 1771 1147 1844 crim
1163 1771 1265 1867 super
1282 1773 1411 1868 scripto
1425 1771 1735 1848 Hannoniensiunr

528 1873 664 1972 jusfillet
684 1873 768 1945 Dur
790 1873 922 1967 requiri
941 1870 1141 1966 sententiam
1166 1869 1379 1943 Noircarmii
1396 1871 1567 1956 absentis,
1588 1873 1731 1944 decum·
1758 1869 1762 1874 ’

532 1972 718 2065 bentisque
749 1993 793 2042 ex
820 1971 927 2060 longo
955 1965 1102 2050 morbo,
1128 1989 1169 2039 ac
1198 1969 1338 2058 quidam
1356 1965 1541 2049 dixissent,
1565 1966 1730 2040 universo

534 2066 631 2162 quast
654 2068 792 2162 populo
816 2064 1010 2157 refragante
1026 2061 1165 2134 difficile
1188 2061 1264 2136 fote
1284 2063 1328 2136 ad
1348 2061 1511 2138 effectum
1523 2065 1644 2136 Decimi
1663 2065 1730 2137 Dr-

533 2167 618 2236 narii
638 2161 733 2260 posse
758 2160 954 2255 perveniri,
980 2161 1238 2254 convenireque
1257 2162 1292 2232 in
1313 2157 1510 2256 Republica
1526 2160 1654 2234 mutari
1672 2162 1732 2232 ali-

562 2263 676 2333 uando
702 2255 843 2332 consilia
869 2255 1055 2329 secundum
1086 2258 1252 2350 temporis
1272 2253 1553 2349 dispositionem,
1579 2256 1618 2332 δι
1642 2279 1735 2351 prae·

535 2284 654 2430 sertim
678 2354 702 2427 st
726 2379 767 2426 ea
794 2355 972 2426 communi
998 2352 1176 2424 hominum
1193 2355 1351 2446 opinioni
1368 2375 1582 2448 repugnent,
1609 2355 1733 2430 &non

534 2453 630 2526 aliud
643 2449 783 2547 perfici,
810 2449 912 2542 quim
920 2441 1044 2542 §quis
1061 2471 1184 2524 contra
1200 2447 1344 2522 fluvium
1363 2469 1478 2523 natare
1500 2451 1604 2534 velit,
1630 2448 1733 2538 Dux,

536 2547 767 2645 praesentibus
801 2545 1092 2642 Berlaymontio,
1118 2545 1266 2638 Viglio‚
1292 2545 1542 2640 Tysenachio,
1565 2569 1607 2620 ac
1634 2545 1735 2620 The-

538 2645 716 2732 samario,
741 2641 820 2715 satis
845 2639 1012 2715 iracunde
1030 2641 1229 2734 respondit,
1255 2642 1513 2728 difficultatem,
1539 2647 1644 2737 quam
1661 2643 1738 2716 Sta-

539 2761 597 2812 tus
622 2758 832 2821 moverent,
865 2737 909 2810 ab
933 2735 1103 2832 ipsis-met
1124 2737 1334 2813 Consiliariis
1351 2738 1547 2832 proficisci,
1572 2740 1670 2834 quod
1689 2739 1735 2814 ab
1812 2799 1816 2804 .

538 2837 608 2912 illis
632 2833 776 2931 publice
812 2835 881 2906 dici
906 2836 1116 2927 inrelb'gerct
1135 2833 1196 2906 libi
1215 2839 1339 2908 Derirrrr'
1365 2837 1504 2908 Denarir'
1522 2839 1739 2910 tractionem

541 2957 614 3006 non
625 2928 774 3026 placere.
801 2924 911 3019 Quod
934 2930 1061 3002 sivero
1082 2929 1740 3025 Penfionarii,DeputatiqueStatuum

543 3027 815 3124 cognoscerent,
839 3025 927 3098 serio
954 3050 1013 3098 eos
1036 3027 1129 3096 idem
1146 3026 1317 3120 probare,
1343 3026 1418 3100 sore
1434 3049 1473 3098 ut
1494 3030 1606 3102 multo
1620 3053 1740 3123 prom·

544 3128 677 3224 priores
695 3148 738 3198 ac
758 3120 1003 3220 propensiores
1027 3121 1062 3192 in
1082 3123 1173 3192 idem
1192 3121 1313 3196 Status
1330 3123 1568 3199 redderentur.
1737 3211 1742 3220 Ι

594 3219 681 3294 XL.
716 3221 773 3292 Ad
802 3216 899 3314 quod
933 3217 1064 3290 Praests
1089 3216 1226 3310 Viglius
1256 3222 1380 3293 ceteris
1407 3219 1604 3295 tacentibus
1628 3223 1739 3308 dixir,

545 3339 830 3411 unumquemque
860 3313 963 3408 super
988 3338 1031 3390 eo
1055 3315 1183 3388 debere
1209 3314 1334 3409 prose
1358 3313 1595 3411 respondere,
1627 3341 1741 3412 neque

548 3416 692 3488 alterius
708 3415 813 3507 culpa
831 3411 937 3482 alium
954 3411 1103 3576 pravari.
1154 3409 1271 3483 Fateri
1287 3412 1427 3507 quidem
1446 3410 1481 3486 se
1500 3435 1620 3486 coram
1640 3413 1742 3488 Duce

549 3510 676 3606 saepius
701 3507 790 3580 hanc
812 3529 885 3581 rem
916 3509 951 3578 di
968 3503 1123 3600 putasse,
1150 3507 1187 3580 &
1207 3529 1286 3580 cum
1313 3505 1664 3586 Consiliarliseodem
1693 3509 1742 3584 sa·

552 3625 732 3680 eramento
750 3603 911 3696 obligaris
928 3597 1107 3674 contulisse
1124 3627 1133 3674 :
1160 3602 1274 3677 visunt
1288 3623 1401 3678 autem
1420 3605 1470 3678 illi
1491 3607 1617 3678 mellus
1634 3661 1645 3696 ,
1661 3608 1744 3682 dum

551 3727 606 3778 res
632 3703 680 3774 est
705 3704 860 3795 integra,
882 3695 1100 3771 difficultates
1134 3701 1337 3784 examinari,
1365 3701 1467 3795 quam
1494 3701 1636 3795 postea,
1663 3725 1747 3777 cum

552 3799 678 3896 pedem
707 3795 847 3868 referre
875 3817 946 3866 non
972 3793 1054 3868 satis
1078 3795 1185 3880 licet,
1216 3791 1418 3870 sententiam
1437 3819 1583 3872 mutate.
1632 3798 1749 3873 Porro

551 3893 884 3988 perinllrustionem
896 3889 1748 3988 ConsrlilStutuslicerefinguliasententiamsuam

550 3991 588 4062 in
603 3987 757 4061 Consilio
768 3990 885 4060 dicere
901 4038 914 4073 ,
938 4007 1034 4062 extra
1053 3983 1242 4062 Consilium
1268 4011 1383 4062 autem
1401 3993 1494 4086 apud
1505 3988 1766 4068 pensionarius·

553 4086 685 4158 aliosve
714 4085 923 4157 exStatibus
946 4085 1034 4158 nihil
1060 4107 1181 4158 eorum
1197 4083 1230 4158 se
1250 4107 1400 4180 unquam
1417 4083 1609 4180 protulisse.
1658 4087 1748 4162 Non

551 4177 649 4280 poli'e
670 4201 785 4254 tamen
802 4181 920 4254 Status
950 4181 994 4253 ab
1024 4179 1100 4274 ipso
1127 4181 1247 4258 aliisve
1267 4181 1478 4260 consiliariis
1496 4188 1636 4277 repelli,
1666 4189 1750 4282 quin

552 4299 675 4352 eorum
703 4279 937 4372 querimonias
964 4299 1005 4351 ac
1031 4279 1231 4368 gravamina
1250 4281 1403 4356 audiant.
1453 4279 1610 4356 Tantum
1632 4305 1745 4358 autem

555 4373 688 4470 melle,
710 4391 756 4452 ut
775 4375 838 4451 illa
855 4395 973 4454 coram
997 4371 1080 4475 ipssa
1098 4376 1361 4474 comprobarit,
1386 4399 1425 4460 ut
1439 4377 1751 4545 Hannouienlisbur

1636 4495 1748 4571 lpum
1850 4523 1854 4531 -
