3934 5192
451 498 454 503 ·
556 476 1039 607 riv-run
1149 440 1726 589 Vsrocru'

558 684 597 755 in
617 684 690 779 ejus
706 682 858 768 reditum
877 681 1145 775 nuptIarumq'ue
1161 678 1351 756 solemnem
1362 658 1656 766 celebrationem,
1681 696 1778 772 pru⁴

559 802 747 873 cetumque
764 802 816 851 ac.
830 779 1026 874 nobilitatis,
1043 775 1261 872 frequentem
1284 793 1516 858 conventum,
1542 775 1775 883 deliberatio-

559 898 639 947 nem
661 874 988 969 conclusionemque
1010 875 1096 969 quid
1115 896 1225 968 porro
1239 873 1443 951 faciendum
1461 868 1563 961 esset,
1587 869 1770 943 dlstulcre·

490 1032 494 1039 .
557 968 713 1045 Fuit'ad
736 970 814 1045 Kal.
834 969 1025 1045 Decembr.
1046 969 1197 1069 intlibius
1222 972 1426 1065 nuptiarum
1445 966 1539 1052 dies,
1562 991 1605 1041 ac
1622 968 1659 1039 in
1673 963 1771 1041 festo

558 1068 604 1141 Ι).
626 1069 760 1140 Audite
781 1066 891 1162 major
909 1088 1014 1161 quam
1034 1091 1188 1161 unquam
1205 1089 1306 1140 antea
1328 1066 1497 1159 Equitum
1515 1064 1623 1137 Aurei
1648 1061 1771 1137 Veue·

557 1164 607 1235 ris
630 1187 791 1237 numerus
816 1164 1024 1257 comparuit.
1074 1163 1116 1235 In
1134 1177 1206 1258 quo
1226 1160 1355 1237 Praeseu
1377 1160 1585 1236 Cancellarii
1607 1156 1766 1231 officinm

559 1259 745 1353 diligenter
769 1259 902 1342 obivit,
928 1260 1191 1355 orationemque
1209 1263 1255 1338 ad
1272 1282 1331 1331 eos
1354 1256 1500 1344 habuit,
1526 1256 1596 1353 qua
1611 1252 1765 1328 ostend'u

559 1358 776 1523 praescipuam
791 1360 862 1451 ejus
876 1352 1287 1527 Ordinidsiinsiitutionem
1302 1352 1391 1464 else,
1413 1374 1453 1464 ut
1470 1352 1557 1426 fides
1570 1351 1763 1521 &absim

481 1532 482 1535 ψ
558 1470 1054 1643 lllfllllllusllna
1076 1472 1610 1641 ill‘isiffsssaiil’nfft.
1635 1470 1762 1651 ,seii

559 1646 819 1738 tranquilloque
838 1642 940 1719 Statu
956 1643 1228 1718 conservaretur.
1277 1640 1417 1737 Religio
1435 1661 1551 1719 autem
1572 1642 1759 1715 Cathulrca

558 1739 628 1827 est,
653 1762 734 1834 quae
749 1740 792 1813 ab
808 1737 889 1833 ipsis
910 1741 1159 1836 Apostolorum
1177 1737 1396 1834 temporibus
1418 1739 1463 1812 ad
1484 1740 1634 1811 noliram
1649 1734 1757 1831 usque
1882 1793 1883 1822 ,

559 1857 699 1945 aetatem
725 1838 914 1931 pervenit,
948 1840 1054 1950 'cujus'
1066 1836 1306 1948 antefignanus
1321 1833 1399 1946 'fuit
1419 1838 1465 1910 D.
1487 1835 1629 1952 Andqeos
1649 1834 1757 1925 —hujur
1882 1861 1883 1906 ;

558 1928 707 2005 Ordrnrs
728 1952 921 2027 patronus,
943 1954 981 2005 111
1000 1930 1413 2026 mJusnrstorralegrrur,
1437 1934 1623 2027 quodcum
1633 1931 1759 2023 AEgetp
1796 1958 1805 1965 ·
1882 1971 1883 1996 r

417 2026 455 2081 -’
555 2025 743 2121 proconsul
761 2050 840 2105 eum
856 2030 922 2103 diis
937 2025 1126 2109 sacrificare
1137 2026 1292 2123 jussisset,
1316 2026 1516 2122 respondit,
1542 2018 1578 2099 se
1595 2025 1758 2119 quotidie
1841 2043 1883 2052 ”

556 2126 664 2205 unico
680 2122 763 2197 Deo
785 2126 898 2217 patri,
922 2123 947 2214 J
955 2124 1265 2199 usu-Caursrr
1285 2122 1490 2197 sacrificium
1507 2120 1657 2207 offerre,
1681 2143 1758 2193 onr-
1882 2176 1883 2181 ,

554 2240 621 2387 Eur
645 2222 682 2295 &
713 2242 853 2295 carnem
884 2218 947 2293 filii
966 2219 1024 2296 sui
1037 2223 1231 2316 unigeniti:
1263 2222 1357 2295 unde
1380 2218 1559 2295 manifeste
1585 2242 1606 2289 a
1633 2239 1770 2312 paret„

582 2318 789 2391 ereticorum
807 2320 911 2411 hujus
930 2314 1036 2389 seculi
1051 2340 1167 2400 error,
1192 2319 1255 2414 qni
1268 2320 1507 2399 venerandum
1522 2316 1580 2387 Mi
1605 2337 1637 2386 ae
1655 2314 1758 2387 sacri·
1874 2340 1883 2412 q

555 2411 675 2485 ficium
693 2412 950 2487 detestabilibus
968 2413 1194 2507 blasphemiis
1213 2417 1407 2507 impetunt,
1432 2436 1474 2489 ac
1490 2409 1569 2508 post
1588 2408 1671 2483 fidei
1689 2406 1758 2481 Rc·
1806 2467 1809 2471 Α
1882 2435 1883 2482 i

555 2510 765 2605 ligionisque
797 2510 984 2581 unanimen
1009 2507 1208 2584 consensum
1234 2510 1323 2583 nihil
1346 2510 1394 2582 ad
1419 2509 1546 2583 stanam
1572 2508 1755 2601 publicum
1882 2513 1883 2527 ¹

556 2594 1052 2699 conservandum‘prasenrius
1062 2602 1127 2679 esse
1136 2608 1333 2689 vinculum,
1358 2630 1462 2699 quarn
1475 2625 1756 2701 procerumcon·
1882 2693 1883 2704 ἵ

555 2702 695 2787 cordia,
721 2699 791 2795 qui
810 2702 903 2773 inter
925 2722 985 2775 eos
1011 2702 1216 2789 constante,
1249 2725 1320 2775 non
1345 2699 1454 2775 solum
1473 2701 1564 2775 nihil
1587 2720 1758 2795 poterunt

554 2799 804 2871 malevolorum
823 2794 1045 2891 hostiumque
1067 2800 1365 2881 machinationes,
1397 2800 1486 2873 nihil
1510 2796 1761 2872 haereticorum

555 2892 813 2987 infidorumque
830 2891 1047 2969 subditorum
1073 2896 1262 2967 molimina.
1311 2892 1436 2983 Quam
1453 2892 1658 2969 sententiam
1673 2894 1755 2986 'plu-

555 2988 652 3061 ribus
677 2987 883 3065 deducendo
911 3012 983 3064 non
1008 3012 1128 3064 omnes
1153 2991 1263 3085 aequis
1290 2990 1432 3077 auribus
1457 3012 1540 3063 acce
1588 3014 1635 3062 re.
1685 2988 1761 3063 Cui

554 3084 637 3159 ciun
659 3083 834 3159 interesset
857 3084 988 3159 fecialis
1009 3082 1178 3173 Ordinis,
1203 3088 1265 3183 qui
1286 3092 1327 3160 ab
1352 3087 1502 3167 Homerus
1554 3087 1599 3173 2)
1622 3106 1759 3179 cogno·
1882 3109 1883 3144 r

556 3182 781 3268 minabatur,
813 3204 916 3276 quem
941 3199 1071 3255 vocant
1095 3182 1200 3255 Vellet
1219 3204 1368 3267 aureum,
1393 3183 1500 3255 homo
1518 3180 1617 3263 setus
1637 3202 1756 3254 conta·

555 3276 807 3358 minatiffimus‚
832 3262 1018 3349 praesidem
1043 3300 1089 3350 ex
1111 3280 1258 3371 legenda
1284 3279 1319 3351 S.
1340 3278 1472 3352 [sturm
1497 3275 1667 3349 somnium
1694 3280 1759 3349 ali-
1881 3297 1883 3310 ³

556 3374 652 3467 quod
668 3369 820 3447 recitasse
837 3372 985 3447 dicebat.
1036 3371 1121 3467 Quo
1139 3392 1318 3467 permotus
1329 3372 1499 3449 ΙΜεικὴίο
1518 3368 1681 3465 Ilergensts
1699 3396 1754 3445 ro-
1881 3457 1882 3460 Ἴ

556 3471 654 3562 gavit
675 3492 718 3540 ex
736 3468 974 3554 Cancellari0‚
1000 3468 1142 3541 ubinam
1166 3469 1204 3540 id
1220 3466 1386 3563 legisset?
1412 3472 1473 3563 qui
1498 3466 1597 3541 misso
1612 3469 1659 3539 ad
1675 3492 1760 3541 euru.

557 3564 807 3659 discipulorum
833 3564 962 3635 Acbat'e
988 3563 1134 3650 libello,
1157 3566 1235 3659 post
1257 3584 1404 3639 mortem
1423 3564 1530 3661 ipsius
1549 3565 1594 3637 D.
1616 3568 1755 3637 Andreae
1882 3601 1883 3605 ¹

557 3659 672 3741 edito,
698 3660 797 3753 impii
813 3657 944 3731 fecialis
963 3661 1171 3732 calumniam
1189 3660 1396 3734 confutavit.

604 3752 737 3827 XCIII.
764 3753 987 3831 struentem
1008 3774 1080 3830 tum
1100 3756 1373 3830 animadversum
1387 3756 1472 3837 suit,
1497 3757 1696 3849 cumplures
1716 3757 1762 3831 in
1882 3823 1883 3842 ,

516 3884 525 3893 ’
555 3872 665 3924 novas
685 3850 868 3944 opiniones
882 3850 1069 3933 ⁸molinam,
1095 3853 1256 3944 magistro
1266 3852 1343 3946 ipso
1359 3852 1492 3935 fetiali,
1517 3854 1579 3945 qui
1589 3875 1671 3925 curn
1680 3856 1762 3946 ple·-
1882 3847 1883 3866 ¹

555 3948 673 4041 risque
692 3969 811 4017 eorum
829 3944 1028 4018 familiarius
1046 3946 1270 4034 versabatur,
1295 3950 1442 4043 aliisque
1460 3948 1671 4042 juvenibus,
1695 3949 1769 4042 qui·
1880 3873 1883 4046 i

559 4044 642 4115 dum
669 4040 898 4115 credebantur
924 4044 959 4111 in
985 4041 1185 4118 Academiis
1206 4044 1357 4141 peregre
1385 4065 1519 4138 agere,
1546 4066 1591 4115 ex
1610 4046 1757 4120 Gebentro
1875 4062 1882 4162 q

556 4139 704 4231 aliisque
724 4138 811 4209 locis
830 4134 965 4209 insessis
985 4162 1159 4211 venenum
1177 4142 1213 4211 in
1232 4143 1380 4233 patriam
1397 4141 1557 4213 attulere.
1607 4131 1767 4211 Peractis
1875 4165 1879 4194 ¹

449 4280 455 4286 -
559 4256 675 4307 autern
699 4235 896 4327 nuptiarum
922 4230 1154 4319 solemnibus,
1179 4238 1438 4328 hastiludiisque
1458 4236 1495 4307 in
1515 4257 1641 4329 magna
1660 4234 1765 4308 nobi.
1873 4199 1878 4324 i

537 4332 667 4407 litatis
680 4328 897 4426 frequentia,
924 4326 1154 4427 supervenere
1170 4332 1293 4429 Regiae
1311 4332 1498 4430 Majeliatis
1513 4333 1663 4421 litterae,
1686 4333 1762 4501 qui·
1874 4345 1880 4520 j

1068 4429 1083 4451 ⁸
1589 4497 1592 4503 ,
1721 4447 1763 4498 us
1879 4449 1884 4644 l

1874 4529 1877 4558 l
