3934 5192
376 585 446 653 aa
492 556 770 680 AYTTA
816 552 1248 651 ZUICHEMI.
1338 582 1425 677 '97

221 793 252 831 „
267 771 370 837 rogo,
392 766 434 819 ut
453 751 477 818 ii
497 769 565 834 qua
586 752 621 817 in
642 750 753 817 revel
766 748 982 817 tibiveltnis
999 748 1134 835 ngiam
1148 751 1313 819 inservire
1331 749 1423 836 polle

222 878 251 912 ‚,
292 837 405 903 utabis
417 834 455 901 id
469 850 504 901 te
520 834 553 900 ei
566 848 624 900 tan
648 854 728 899 uam
743 834 877 901 homini
891 833 955 897 tibi
968 832 1170 901 deditissimo
1192 838 1238 901 im
1266 854 1351 903 eres.
1372 885 1379 902 .
1395 883 1427 902 ..

221 961 250 995 „
300 922 356 986 ale
380 920 474 1018 Spirae
492 918 605 1003 pridie
625 854 798 985 {alendas
816 916 1039 999 Septembres
1062 918 1188 1001 1535.”
1230 855 1285 985 ἔκ
1303 936 1379 983 torno
1396 916 1427 1007 as.

216 1020 254 1089 γ.
269 1018 346 1084 315.
370 1003 496 1070 (revit
510 1018 629 1067 autem
642 1002 795 1067 amicitia
808 1002 844 1065 in
861 1004 1013 1077 tantum,
1035 1017 1074 1068 ut
1089 1003 1240 1069 Matthias
1253 1022 1297 1069 ex
1312 1001 1428 1086 Hispa-

220 1092 295 1163 nia,
317 1086 420 1153 Sicilia
435 1085 573 1169 aliisque
589 1084 786 1171 regionibus
810 1082 942 1159 diffitis,
964 1082 1008 1150 ad
1028 1104 1110 1169 quas
1135 1105 1214 1152 eum
1235 1103 1294 1152 aut
1316 1084 1428 1153 Caesa·

222 1189 301 1237 rem
321 1171 484 1238 comitari
504 1184 563 1235 aut
585 1171 691 1236 etiam
710 1170 836 1253 praeire
857 1168 1023 1251 contigit,
1044 1170 1159 1237 literas
1183 1170 1282 1236 daret
1304 1169 1346 1235 ad
1371 1168 1428 1237 Vi-

221 1256 322 1337 glium
328 1302 341 1335 ,
363 1253 400 1322 ἅ
414 1253 566 1336 quinimo
580 1253 677 1321 illum
697 1252 740 1317 ad
766 1250 967 1317 affinitatem
981 1250 1073 1318 suam
1087 1254 1251 1319 invitaret
1265 1254 1427 1339 primirm,

223 1336 305 1423 post
320 1338 425 1404 etiam
439 1335 542 1401 semel
555 1338 749 1417 itertimque
764 1349 920 1420 urgeret,
942 1352 1011 1399 non
1027 1334 1145 1403 secuto
1163 1352 1278 1402 tamen
1294 1336 1427 1403 diesin.

223 1421 365 1505 Accipe
383 1420 614 1505 fragmentum
635 1418 787 1505 epistolae
816 1436 883 1502 qua
901 1419 944 1483 ab
963 1419 1036 1502 ejus
1061 1420 1119 1485 sibi
1135 1420 1249 1507 oblata
1266 1419 1429 1488 affinitate

226 1503 262 1574 se
282 1504 426 1572 excusat
451 1504 585 1569 ratione
603 1518 811 1589 parentum,
830 1503 889 1567 cui
911 1501 1088 1568 obstaculo
1114 1518 1154 1569 ut
1176 1504 1432 1577 consuleretur,

223 1588 375 1656 Matthia
387 1588 570 1671 permittit.
610 1627 636 1662 „
653 1586 779 1654 Literis
798 1588 882 1661 tuis,
903 1585 968 1651 Vir
983 1584 1158 1667 ciariffime
1180 1606 1220 1653 ac
1241 1588 1275 1653 in
1295 1588 1432 1673 majori-

226 1709 255 1745 „
271 1673 340 1739 bus
353 1670 583 1745 observande,
604 1670 789 1737 ePaaamio
803 1668 848 1737 ad
869 1687 925 1735 me
946 1687 999 1752 24.
1021 1668 1078 1743 die
1101 1662 1312 1765 Septembris
1325 1672 1433 1745 datis,

226 1792 257 1827 ‚‚
272 1755 439 1841 vigesimo
453 1753 665 1821 Novembris
678 1752 857 1837 respondi,
879 1771 920 1819 ac
935 1766 1102 1836 quatenus
1117 1754 1200 1819 mihi
1210 1756 1246 1819 in
1260 1755 1435 1822 conditio·

228 1875 258 1910 υ
274 1857 357 1905 nem
378 1853 447 1904 ate
468 1839 552 1903 mihi
564 1856 629 1923 pro
655 1836 774 1903 osrtam
791 1835 987 1903 consentire
1007 1838 1080 1902 inte
1106 1855 1198 1913 rum,
1217 1838 1433 1923 liberumque

228 1960 258 1997 u
275 1921 377 1999 esset,
398 1921 562 1989 indicavi.
640 1940 728 2003 eque
746 1920 840 1985 aliud
856 1937 898 1987 ea
920 1920 963 1989 de
981 1938 1019 1989 re
1040 1854 1104 1987 νοῗ
1118 1934 1190 1987 tum
1205 1920 1355 1990 scribere
1370 1942 1436 2021 po·

227 2043 256 2079 „
273 2008 345 2083 tui,
366 2006 424 2072 vel
440 2005 552 2071 adhuc
572 2003 731 2088 equidem
752 2000 907 2087 possum,
927 2002 1008 2069 cum
1023 2003 1167 2069 dubium
1184 2006 1334 2071 animum
1351 2008 1434 2071 lunc

228 2127 256 2163 η
274 2104 346 2156 tuae
366 2088 540 2155 affinitatis
560 2088 765 2155 desiderium
782 2087 930 2162 illiceat,
950 2087 1047 2153 illinc
1064 2088 1145 2153 cum
1165 2088 1434 2174 matrimoniiju·

229 2208 257 2245 η
274 2193 359 2259 gum
372 2173 475 2257 atque
495 2191 600 2249 onus,
622 2185 696 2239 tum
712 2185 898 2255 parentum
917 2171 1027 2266 pietas
1048 2184 1150 2253 atque
1168 2170 1303 2239 affefflo
1322 2190 1435 2239 remo·

174 2258 182 2271 '
230 2293 258 2328 n
276 2274 386 2326 retur.
427 2257 578 2324 Proinde
624 2254 675 2321 ost
697 2254 843 2321 multam
862 2254 1148 2321 deliberationem
1167 2274 1232 2339 pro
1259 2258 1310 2323 rei
1335 2255 1436 2341 ipsius

230 2342 450 2428 „gravitate
470 2340 573 2409 hand
619 2338 679 2405 iud
695 2338 788 2423 apud
806 2355 862 2403 me
876 2337 1159 2485 statuereppotui,
1204 2339 1281 2409 uim
1302 2354 1342 2407 ut
1363 2358 1436 2425 me-

230 2460 258 2493 „
275 2428 371 2495 diam
394 2425 488 2491 viam
515 2442 735 2507 quaererem,
771 2420 895 2505 qua&
916 2422 1187 2489 concriandaea
1224 2424 1339 2490 nitatis
1365 2438 1436 2489 tuae
1537 2494 1541 2502 ⁸

230 2541 258 2577 n
275 2509 481 2593 cumprimis
495 2509 580 2573 mihi
592 2518 725 2593 gratam
745 2503 960 2571 occasionem
975 2525 1017 2572 ac
1031 2504 1123 2589 spem
1137 2524 1208 2573 non
1222 2508 1435 2583 amitterem,

230 2626 258 2661 n
276 2592 315 2660 dt
335 2607 521 2677 parentum
549 2608 705 2658 meorum
735 2589 909 2655 voluntati
936 2608 1008 2657 non
1028 2588 1229 2677 refragarer.
1253 2590 1431 2676 ‘Expesto

231 2708 259 2743 n
276 2676 501 2760 ecquidnam
519 2674 595 2742 hac
611 2692 688 2741 mea
703 2670 872 2739 sententia
902 2673 967 2739 tibi
988 2674 1136 2759 placeat.
1177 2676 1218 2740 ln
1237 2692 1439 2759 quamcum-

232 2790 259 2827 υ
276 2780 347 2842 que
360 2773 476 2825 autem
495 2760 630 2844 partem
643 2756 815 2831 statueris,
838 2771 874 2825 te
887 2776 928 2824 ea
944 2758 990 2823 de
1005 2756 1105 2825 causa
1118 2759 1337 2829 nihilominus
1354 2776 1436 2844 erga

231 2876 258 2907 n
276 2864 334 2909 me
359 2840 519 2909 affectum
543 2841 619 2909 fore
641 2840 752 2924 spero.
794 2840 942 2907 Etcum
965 2843 1055 2907 hanc
1082 2860 1156 2908 rem
1185 2842 1271 2909 nulli
1289 2844 1434 2911 omnino

231 2958 257 2992 ι,
276 2929 458 2991 hominum
484 2926 743 2993 communicare
770 2920 867 2989 ausus
889 2924 1040 3001 fuerim,
1069 2943 1110 2991 ac
1135 2928 1276 3011 propria
1300 2926 1437 2994 confilia

232 3042 259 3077 n
278 3010 364 3076 aetas'
386 3011 470 3077 mihi
488 3027 565 3077 mea
582 3010 717 3095 (viginti
737 3008 799 3071 orio
818 3008 985 3090 aaronem)
1006 3007 1155 3091 suspecta
1179 3007 1300 3079 faciat:
1323 3026 1436 3079 meam

234 3124 260 3160 υ
278 3093 525 3159 sententiama
547 3107 583 3160 te
608 3088 845 3177 repraehendi,
865 3090 1055 3158 dummodo
1075 3094 1135 3167 iis,
1155 3110 1231 3177 quaa
1253 3113 1331 3163 meo
1353 3092 1438 3161 defi-

235 3210 262 3245 n
279 3177 380 3244 derio
396 3176 530 3243 obstare
544 3174 716 3250 indicavi,
736 3193 757 3241 a
774 3187 810 3239 te
826 3174 1041 3252 consulatur,
1063 3176 1155 3243 haud
1170 3177 1329 3260 equidem
1345 3194 1437 3263 aegre

237 3292 263 3327 η
280 3258 401 3327 seram.
444 3260 561 3343 Quam
573 3261 618 3325 ob
632 3256 741 3326 remst
756 3256 912 3324 nondum
931 3257 1157 3341 rescripseris,
1169 3258 1282 3345 quaeso
1298 3258 1436 3342 nequid

237 3376 264 3410 η
281 3360 376 3410 tuam
389 3343 607 3411 voluntatem
623 3342 706 3407 mihi
722 3359 899 3425 exponere
912 3340 1068 3419 differas,
1090 3344 1126 3411 dt
1147 3342 1170 3407 si
1193 3344 1229 3411 in
1247 3362 1290 3409 eo
1308 3360 1438 3427 propo·
1526 3412 1531 3419 ,

237 3460 264 3496 υ
280 3428 342 3493 sito
363 3425 609 3511 persistendum
630 3426 789 3499 duxeris,
811 3440 851 3489 ut
870 3426 907 3491 δι
926 3425 991 3491 alia
1013 3443 1088 3509 quae
1107 3426 1179 3511 ipse
1202 3426 1245 3491 ad
1266 3445 1341 3495 eam
1362 3445 1435 3497 rem

238 3546 263 3579 n
281 3510 539 3595 expediendam
561 3512 736 3595 pertinere
758 3508 941 3591 intelligis,
963 3507 1131 3595 suggeras.
1173 3509 1246 3659 Epo
1271 3510 1437 3593 quidquid

237 3632 263 3666 ‚‚
281 3596 346 3660 tibi
361 3588 660 3669 videbitur‚idelir
680 3606 720 3658 ut
735 3592 818 3660 mihi
835 3609 899 3674 per
915 3607 1078 3676 parentes
1095 3612 1191 3661 meos
1223 3594 1437 3670 iceat,omni

236 3678 391 3752 „studio
422 3678 697 3744 contendam..
721 3727 729 3743 .
753 3726 762 3742 .
782 3674 877 3759 Spita
907 3692 960 3755 23.
993 3678 1197 3746 Decembris
1227 3697 1282 3745 an.
1310 3678 1434 3759 1535.'¹

234 3762 293 3828 Ex
307 3778 378 3827 tam.
388 3780 430 3849 2.⁸
434 3780 504 3846 pag.
523 3778 596 3844 340.
610 3762 753 3827 Interim
766 3758 854 3843 Spird
870 3757 985 3826 resisti
1000 3760 1213 3845 lngollindiam
1230 3762 1439 3859 migraverat
1544 3816 1548 3825 .

240 3844 382 3927 Viglins,
392 3844 617 3920 a'cManhiam,
626 3862 728 3927 quem
740 3844 808 3907 hoc
821 3844 970 3909 maxime
981 3862 1071 3929 aegre
1080 3846 1230 3911 laturum
1239 3846 1303 3910 elle
1313 3845 1447 3909 timue·-

238 3945 310 4005 rat,
320 3926 465 4011 epistola
474 3943 660 4011 utcumque
670 3926 843 4009 placavit;
857 3945 937 3995 cum
949 3924 1007 3993 ille
1020 3926 1064 3995 de
1073 3926 1237 3993 affinitate
1248 3926 1438 3995 suainstan-

213 4086 217 4095 ¹
238 4016 322 4077 tiam
333 4010 602 4095 redintegravit,
621 4007 705 4076 Rem
715 4007 864 4092 speciose
882 4010 994 4079 rursus
1006 4010 1159 4079 declinat
1174 4010 1293 4095 Viglius
1301 4012 1351 4078 his
1361 4032 1441 4075 ver·

236 4097 309 4161 bis:
323 4139 344 4170 ‚,
360 4094 418 4161 De
432 4095 650 4161 matrimonio
667 4092 779 4159 adhuc
791 4094 1166 4161 ineodemhaereoluto
1204 4112 1248 4159 uo
1262 4110 1373 4162 antea.
1393 4092 1439 4163 Et

241 4196 488 4261 „quamquam
511 4179 586 4245 haec
610 4174 766 4261 conditio
789 4176 848 4241 cui
874 4176 919 4243 ad
937 4177 1121 4243 triennium
1147 4178 1192 4241 ob
1223 4177 1323 4243 rictus
1346 4174 1438 4268 sum,

241 4301 268 4335 „
286 4264 394 4327 minus
415 4262 555 4329 liberam
576 4275 678 4343 atque
704 4260 923 4327 commodam
951 4278 1027 4325 eam
1051 4278 1124 4325 rem
1146 4262 1228 4325 mihi
1254 4260 1369 4329 facere
1390 4264 1443 4327 vi·
1498 4262 1504 4280 ⁸

241 4384 268 4421 η
285 4346 424 4413 deatur:
452 4365 534 4413 cum
553 4360 666 4411 tamen
690 4344 837 4432 maxime
856 4341 1002 4409 consiliis
1027 4344 1111 4409 meis
1128 4360 1310 4429 parentum
1330 4342 1444 4412 hane·

243 4470 267 4506 „
284 4448 347 4498 aas
368 4428 539 4527 obstiterit
558 4428 741 4547 voluntas,²
756 4426 904 4589 decreti}
916 4424 1030 4498 aestate
1049 4429 1208 4519 proxuma
1224 4429 1372 4574 patriarp
1391 4445 1444 4491 re.

297 4553 299 4560 -
382 4520 398 4532 ··
659 4513 691 4525 ““
922 4508 969 4526 ”
1017 4518 1023 4525 ’
1275 4510 1445 4589 ‚‚vier'e,
