3934 5192
531 556 613 658 308
717 528 1109 638 COMMENT.
1145 537 1309 633 RER.
1335 537 1617 636 ACTAR.

530 739 613 832 plius
630 738 667 810 de
688 738 806 840 Quiris
823 737 952 822 audire,
976 737 1145 830 mirarique
1160 731 1325 826 Preſsdein
1346 748 1411 806 ium
1427 737 1739 834 paruumresiedtm

534 835 577 906 cd
593 837 660 928 ejici
684 837 885 918 autoritatem
908 833 1042 916 habere,
1067 853 1123 904 iric
1139 834 1262 904 credere
1279 833 1355 924 quod
1374 829 1544 924 uffrverei,
1570 835 1743 928 Regrmee‘

535 926 723 1024 mandoffe,
758 952 853 1024 neque
877 926 1066 1022 acquiescere
1086 929 1154 1022 ejus
1179 928 1354 1022 resolutioni
1374 926 1414 1009 ὅ)
1430 927 1621 1016 Ι[ειπεηῑιίη
1639 947 1750 1028 ,atque

526 1049 598 1100 <non
617 1022 743 1214 poffese
759 1028 793 1096 id
805 1028 923 1116 Regem
940 1027 1068 1109 celare,
1099 1026 1183 1116 opud
1202 1047 1289 1118 quern
1310 1026 1454 1096 lraiienus
1475 1043 1532 1114 pro
1556 1028 1608 1098 i'lio
1627 1029 1739 1100 bonum

539 1115 678 1216 officim
713 1126 825 1208 eterit,
849 1117 892 1203 ii
906 1122 945 1192 dr
960 1120 1021 1214 ipso
1035 1117 1165 1215 suisque
1180 1122 1255 1192 bene
1270 1129 1398 1192 meritur
1411 1119 1528 1214 fuerit.
1579 1119 1739 1217 Respon-

538 1221 590 1290 dit
607 1213 750 1291 Praeses:
775 1217 810 1290 se
825 1215 958 1311 semper
965 1239 1045 1289 euni
1061 1213 1261 1309 respexisse,
1287 1239 1556 1312 reverenterque
1575 1218 1738 1308 coluisse,

539 1315 578 1388 &
602 1335 767 1386 conatum
787 1315 970 1409 diligenter
994 1311 1163 1398 servitiis,
1189 1311 1433 1408 obsequiisque
1454 1311 1519 1386 suis
1537 1313 1646 1408 ipsius
1662 1339 1739 1412 gia·

539 1411 625 1484 tiam
641 1413 858 1506 promereri:
894 1407 1026 1480 Verium
1045 1435 1089 1484 ex
1102 1410 1297 1505 juramento
1324 1412 1434 1482 teneri
1461 1413 1497 1481 in
1518 1409 1675 1484 Consilio
1697 1436 1739 1486 ea

539 1506 678 1587 dicere,
710 1528 788 1600 quae
816 1504 1036 1580 coiiscientiae
1051 1507 1146 1590 suae,
1179 1505 1388 1601 servitioque
1412 1503 1520 1600 Regis
1549 1511 1738 1582 convenire

537 1599 604 1674 sibi
617 1603 789 1675 videntur.
841 1602 896 1674 Ita
913 1625 994 1675 euni
1014 1599 1182 1696 piaesente
1203 1603 1439 1698 Imperatore.
1473 1603 1636 1696 Regini,
1668 1602 1739 1677 Re-

538 1719 605 1792 ge,
632 1695 670 1771 dt
686 1701 763 1770 aliis
781 1695 1084 1772 Gubernatoribus
1102 1693 1216 1770 secisse
1234 1749 1244 1783 ,
1279 1719 1393 1794 neque
1410 1699 1491 1770 illos
1510 1701 1548 1770 id
1570 1699 1668 1795 aegid
1685 1719 1741 1774 tu·

539 1789 642 1868 lille:
673 1817 729 1867 nec
747 1817 830 1866 nuic
849 1791 929 1889 ff,
953 1799 1031 1888 quid
1048 1815 1124 1865 cano
1141 1800 1238 1887 capiti
1256 1799 1365 1868 liment
1379 1843 1391 1880 ,
1405 1787 1602 1892 ¹sperareque
1618 1798 1741 1892 Regem

544 1890 676 1962 aiterum
695 1894 751 1984 ipſs
766 1914 874 1962 curem
891 1914 1009 1984 quoque,
1020 1887 1242 1984 prestiturum.

593 1985 762 2058 XLVlll.
776 1987 845 2060 -Ad
864 2009 906 2060 ea
922 1986 1007 2058 Dux
1028 1986 1117 2058 dixit
1137 2009 1146 2060 ε
1181 1988 1221 2070 ,δι’
1237 2009 1306 2060 euni
1322 2011 1380 2060 nori
1398 1984 1586 2080 respexerit,
1608 1985 1738 2085 scirese

542 2083 720 2154 remedium.
772 2085 869 2156 Suum
887 2078 946 2176 effe
962 2083 1116 2172 resoluere.
1168 2084 1339 2170 Aliorum,
1374 2088 1428 2178 qui
1449 2089 1482 2154 iii
1503 2079 1629 2175 Cinfilio
1641 2091 1740 2178 sunt,

545 2177 719 2266 resolutioni
729 2179 798 2264 sue
814 2179 1007 2270 acquiescere.
1058 2178 1191 2269 Jubens
1215 2179 1378 2274 ideirco,
1411 2201 1450 2252 ut
1473 2178 1642 2274 postridie
1660 2204 1740 2254 cuni

545 2277 687 2370 reliquis
710 2277 918 2356 conveniat,
943 2273 981 2348 δι
1003 2272 1202 2368 responsum
1229 2275 1381 2350 Statibus
1400 2277 1552 2349 dandum
1570 2276 1642 2349 uni
1659 2299 1741 2350 con·

366 2391 490 2453 ciente
545 2371 663 2465 cipiat.
713 2369 994 2466 Berlayiuontiti
1021 2369 1214 2464 subjunxit,
1248 2369 1420 2466 Reginam
1442 2371 1461 2410 *
1486 2371 1522 2444 δι
1547 2371 1742 2448 Piatensem

368 2475 456 2542 ruine
547 2470 735 2564 aliquando
758 2469 795 2540 in
819 2463 952 2538 diversa
973 2457 1072 2538 fuisse
1095 2465 1285 2556 sententia,
1321 2465 1360 2540 ὅῑ
1380 2463 1576 2542 Pratensem
1597 2468 1743 2558 dixisse,

367 2559 485 2652 erengi·
549 2585 589 2638 ut
608 2567 744 2660 Regina
763 2563 967 2646 sententiam
983 2562 1077 2636 suani
1092 2561 1403 2658 ad·1mperatorem
1423 2563 1607 2654 scriberet,
1632 2563 1667 2641 se
1689 2570 1743 2640 iii·

367 2617 497 2775 fflg
548 2661 629 2738 tlein
647 2659 844 2744 suetorum:
876 2679 1008 2755 quanto
1027 2661 1134 2754 magis
1159 2663 1405 2736 recurrendum
1425 2661 1472 2734 est
1492 2663 1535 2734 ati
1553 2684 1656 2746 euin,
1682 2665 1743 2754 ubi

368 2806 447 2852 m,
546 2777 663 2832 totum
687 2755 878 2832 Consilium
901 2779 921 2828 a
944 2755 1193 2830 Gubernatore
1218 2755 1400 2846 dissentit,
1433 2759 1469 2828 in
1491 2759 1638 2850 negotio
1656 2781 1743 2854 prte-
1829 2773 1846 2794 ⁵

368 2864 500 2933 mdc
547 2851 663 2928 sertim
687 2856 736 2926 ita
753 2850 971 2947 periculoso,
996 2875 1037 2925 ac
1058 2851 1119 2924 ubi
1139 2871 1232 2926 totus
1250 2853 1403 2948 populus
1420 2855 1608 2930 reclamat?

370 2952 402 3010 ce
421 2962 469 3044 ,Ψ
485 2948 516 3003 ῑῦ
598 2947 726 3026 XLIX.
754 2945 877 3020 Postea
897 2948 1069 3021 Excelltia
1086 2948 1145 3022 sua
1156 2950 1314 3022 nonnihil
1331 2947 1399 3022 sese
1414 2969 1612 3043 temperans
1623 3001 1636 3038 ,
1657 2950 1746 3044 justit

369 3023 489 3122 ”im
550 3065 591 3118 ut
606 3048 841 3122 examinarent
859 3047 1040 3116 articulum
1066 3043 1377 3118 manufaeiuiarum
1396 3043 1598 3117 &formam
1621 3071 1747 3121 execu-

369 3113 522 3246 {J‘ffiq
552 3145 675 3218 tionis:
701 3167 744 3218 an
761 3145 921 3214 videatur
943 3139 1074 3213 scilicet
1092 3142 1207 3234 aliqua
1230 3137 1420 3214 m'oderatio
1437 3142 1529 3212 iniis
1550 3141 1746 3232 adhibenda

402 3230 409 3245 '
550 3263 619 3335 pro
641 3242 770 3336 majore
795 3235 1025 3312 sausfaeilone
1050 3235 1236 3324 Statuum,
1278 3235 1317 3312 ἀ
1344 3258 1384 3310 ut
1409 3259 1488 3314 cuni
1519 3237 1746 3328 Noiicarmio

548 3359 695 3433 ,quoque
719 3335 865 3430 desuper
880 3334 1183 3410 communicarent.

602 3433 646 3506 L.
680 3431 758 3506 Ubi
789 3454 903 3506 autem
929 3427 1102 3503 dimisisset
1122 3427 1343 3513 Consilium,
1376 3431 1565 3505 accedente
1596 3431 1747 3504 adeum

552 3528 641 3602 Dno
656 3529 841 3602 Fiiderico
857 3525 928 3597 filio
952 3525 1035 3610 suo,
1061 3549 1101 3598 ac
1116 3524 1249 3619 Joanne
1271 3525 1413 3620 Virga,
1436 3529 1584 3621 aliisque
1607 3529 1750 3623 quibus-

556 3627 635 3700 dam
655 3623 719 3698 fibi
738 3622 984 3704 familiaribus,
1011 3623 1130 3696 retulit
1149 3626 1200 3698 eis
1217 3644 1298 3716 quae
1312 3623 1348 3692 in
1367 3621 1523 3696 Consilio
1539 3621 1616 3696 aeli
1633 3624 1750 3718 fuere,

553 3721 592 3794 dt
610 3723 773 3798 adversus
797 3717 978 3792 Praelidem
1002 3719 1224 3795 vehementer
1253 3718 1487 3804 stomachatus
1510 3718 1602 3806 soit,
1636 3741 1677 3794 ut
1699 3723 1749 3794 vi-

555 3820 697 3894 deretur
712 3839 836 3894 contra
854 3837 934 3890 euin
949 3817 1091 3910 gravius
1110 3818 1241 3911 aliquid
1260 3834 1499 3890 attentaturus.
1551 3817 1620 3912 (1)
1641 3819 1752 3910 Quod

552 3917 702 4008 quidam
719 3939 839 3990 eorum
852 3936 922 3986 non
936 3931 1111 3997 tacentes,
1136 3915 1173 3985 in
1183 3915 1364 4007 publicum
1379 3935 1459 4002 mox
1473 3914 1509 3986 id
1521 3915 1752 4008 evulgarunt,

556 4010 604 4085 ssc
620 4034 660 4084 ut
678 4017 791 4107 palum
809 4014 945 4108 lippis,
969 4008 1235 4105 tonbribusque
1251 4059 1265 4098 ,
1301 4007 1478 4104 &puellis
1495 4009 1753 4104 Antverpiensi·

557 4107 623 4182 bus
643 4109 678 4180 id
696 4107 934 4183 innotesceret.
980 4107 1128 4201 Jamque
1149 4106 1264 4201 paffim
1286 4108 1320 4178 in
1340 4107 1532 4201 provinciis
1558 4129 1678 4178 rtunor
1703 4105 1752 4180 se·

556 4203 727 4288 rebatur,
765 4204 948 4278 Praesidem
974 4205 1012 4275 in
1039 4201 1194 4276 custodia
1215 4202 1389 4286 detineri,
1421 4203 1468 4276 ob
1494 4205 1754 4278 contentionem

558 4325 637 4398 quae
654 4300 706 4374 illi
729 4325 807 4377 cuni
832 4301 937 4374 Duce
958 4301 1004 4372 ob
1023 4302 1186 4374 Deciiiiiiiii
1208 4299 1386 4372 Denariuiii
1410 4297 1603 4390 incidisset.¹
1643 4297 1751 4390 Quod

555 4400 790 4498 intelligentes
805 4400 1056 4496 provinciales,
1081 4393 1187 4492 gavisi
1203 4391 1302 4484 sunt,
1327 4395 1424 4492 quod
1443 4397 1521 4472 talis
1542 4399 1616 4493 ejus
1641 4391 1749 4472 causae

1633 4511 1748 4589 patro-
