3934 5192
384 488 783 627 susurru
823 502 1267 599 nuncnunc·
1352 522 1430 607 1⁶1

223 736 257 777 „
274 696 491 779 Nurembergae
518 696 602 761 olim
626 694 698 763 astu
722 714 787 779 per
805 694 1007 789 &changium
1023 710 1064 763 ac
1088 714 1145 765 me
1165 697 1307 767 suerunt
1327 704 1363 770 in
1386 724 1429 773 eo

222 824 253 859 ,‚
271 780 446 866 negotio,
477 778 637 845 transsata
667 798 712 845 ex
734 778 944 845 Germanico
974 779 1017 845 ad
1040 782 1208 848 remitto.
1251 784 1329 851 sed
1343 802 1428 855 tunc

222 866 427 942 „Ordines
445 881 490 928 eo
511 863 669 927 contenti
690 878 761 927 non
780 860 889 929 fuere.
931 861 1036 927 Nunc
1064 864 1144 944 quid
1177 865 1265 931 ultra
1285 866 1426 952 respon-

222 948 425 1023 „dendum
445 945 484 1011 iit
501 946 635 1031 ignoro.
677 944 721 1010 Et
749 959 840 1015 tunc,
860 962 997 1039 quoque
1029 946 1094 1011 alia
1122 963 1222 1014 erant
1248 962 1423 1035 tempora,

157 1071 162 1079 ·
221 1030 252 1107 ὲ,
270 1032 309 1099 da
329 1050 375 1097 eo
396 1045 478 1095 tunc
498 1026 810 1105 contendebamus,
839 1043 879 1093 ut
900 1028 943 1093 ab
961 1028 1097 1094 indictis
1118 1028 1262 1097 subsidiis
1284 1036 1426 1102 excusa·

218 1155 251 1191 ,‚
268 1132 400 1181 remur.
440 1112 546 1177 Nunc
568 1129 655 1177 vero
676 1110 720 1187 de
741 1111 810 1178 hoc
829 1110 958 1194 agitur,
978 1128 1021 1177 an
1042 1112 1111 1177 ulla
1129 1114 1337 1199 obligatione
1351 1118 1421 1186 istae

221 1240 251 1274 „
268 1195 464 1281 provinciae
484 1209 667 1260 teneantur
687 1211 769 1277 erga
789 1194 987 1277 Imperium.
1028 1193 1118 1277 Quae
1140 1216 1194 1263 res
1214 1198 1309 1265 durae
1329 1200 1434 1285 dige-.
1456 1212 1460 1221 '

223 1320 253 1357 „
270 1280 411 1356 ilionis,
431 1296 510 1343 nam
524 1278 574 1341 illi
595 1276 817 1361 pretendunt
836 1276 962 1343 babere
980 1276 1208 1347 intentionem
1229 1280 1425 1363 fundatam,

223 1404 253 1439 „
270 1363 310 1432 δι
322 1362 462 1447 ,magnis
481 1358 710 1425 fundamentis
730 1360 886 1425 nituntur
905 1358 1059 1441 respeslu
1080 1364 1302 1443 quarumdam
1322 1368 1425 1433 ditio·
1510 1404 1515 1415 =

223 1484 254 1523 ‚,
270 1464 367 1511 unm.
410 1443 507 1591 (ἒιίό
532 1442 626 1526 qnod
646 1442 690 1509 de
712 1442 824 1508 vestra
841 1441 1019 1524 Burgundio
1038 1442 1164 1511 dicitur
1184 1447 1219 1511 in
1239 1448 1425 1533 Mmslrelrti

222 1528 410 1606 „historia
464 1544 565 1593 ucem
583 1524 733 1608 Juonuem
750 1523 932 1607 Burguudic
953 1524 1077 1606 Cosefiae
1097 1526 1139 1593 ab
1160 1526 1343 1613 Sigismoudo
1357 1534 1428 1599 Im·

223 1652 253 1689 „
297 1605 434 1679 eratore
453 1608 688 1675 investituram
704 1608 747 1675 de
768 1607 946 1683 Comitatu
963 1606 1333 1697 Burguudiaeaccepilse.
1354 1615 1432 1685 Sed.

225 1632 468 1779 „Uniusmodi
494 1691 628 1756 infinita
655 1689 732 1757 sunt
758 1708 835 1773 quae
863 1691 982 1759 Status
1006 1692 1244 1785 praetendunt:
1292 1698 1426 1767 Contra
1511 1762 1516 1775 ,

225 1776 488 1861 „quaomnia
514 1774 638 1841 nudam
661 1771 870 1855 crudamque
899 1783 1119 1858 negationem
1145 1775 1282 1847 adferre
1300 1782 1422 1849 nescio

227 1902 256 1937 „
272 1879 316 1927 an
342 1859 545 1931 conveniat.
583 1858 737 1939 Magrus.
761 1856 861 1922 Dnus
887 1856 1012 1938 praeses
1039 1856 1201 1925 Suburanus
1221 1864 1308 1927 olim
1328 1882 1422 1948 quae·

226 1982 255 2019 „
271 1942 351 2008 darn
371 1942 438 2007 hac
458 1940 502 2006 de
524 1940 658 2006 relatis
675 1940 859 2022 diligenter
876 1940 1090 2087 eolleperat‚
1126 1941 1421 2033 instructionique3

226 2068 255 2103 „
295 2046 350 2091 uae
370 2024 420 2089 illi
442 2042 537 2090 atne
556 2023 639 2089 olim
659 2020 708 2088 est
728 2023 888 2099 reddita,
922 2023 958 2087 in
972 2038 1121 2091 eruerat.
1159 2026 1231 2096 ,sed
1253 2032 1345 2112 apud
1365 2050 1424 2101 me

93 2169 94 2192 ζ
226 2150 256 2187 ‚,
272 2047 415 2177 dubium
438 2106 511 2185 est,
544 2124 587 2172 an
615 2106 803 2172 conveniat
822 2107 915 2173 huuc
936 2124 1096 2189 campum
1116 2106 1352 2192 disputationis
1371 2114 1425 2179 in-

93 2195 95 2202 ’
200 2200 255 2271 ·,,
294 2190 371 2259 redi
401 2209 483 2257 cum
504 2188 665 2255 statibus.
707 2188 779 2272 Ego
807 2186 887 2255 sane
916 2190 1075 2257 tenuitati
1099 2190 1227 2275 ingenii
1252 2196 1323 2262 mei
1350 2212 1423 2266 nou

226 2314 256 2353 .,
270 2212 351 2342 saus
371 2273 469 2351 fido,
501 2288 540 2338 ut
560 2270 693 2338 causam
715 2286 784 2336 tam
811 2270 952 2339 arduam
979 2270 1173 2341 defendam.
1215 2276 1284 2344 Sed
1305 2290 1421 2347 tamen

225 2358 437 2441 „quidquid
463 2356 546 2421 mihi
573 2354 810 2439 praescriptum
831 2355 897 2423 erit
918 2353 1065 2421 fideliter
1087 2374 1245 2441 exequar.
1288 2360 1421 2427 Verum

227 2482 255 2519 ,‚
271 2445 306 2507 in
334 2460 373 2506 re
404 2456 474 2506 tam
507 2456 628 2521 magna
658 2436 695 2505 δι
723 2437 855 2514 ardua,
886 2438 1032 2521 nequid
1055 2440 1421 2527 mihiolimimputari

228 2564 256 2601 ,‚
296 2536 400 2599 ueat,
441 2520 509 2587 sine
535 2521 735 2604 particulari
761 2520 980 2589 instructione
1011 2540 1080 2588 non
1106 2524 1208 2591 ausim
1239 2528 1318 2608 quic
1343 2546 1421 2595 unm

230 2650 257 2685 ,‚
270 2544 402 2677 Pacete.
443 2603 723 2699 Quoniam‘uero
744 2602 859 2671 Caesar
879 2622 934 2670 me
956 2605 1055 2687 hujus
1074 2604 1124 2673 rei
1138 2607 1237 2675 causa
1258 2608 1300 2691 ad
1354 2611 1424 2678 rdi-

231 2709 336 2767 „nes
356 2703 569 2775 praemittere
585 2688 760 2765 decrevit,
782 2686 867 2753 illud
889 2700 968 2753 ante
984 2687 1100 2755 omnia
1121 2688 1200 2757 esset
1215 2691 1424 2761 constituen-

231 2816 258 2851 „
274 2774 378 2849 dum,
393 2790 442 2848 ,an
457 2759 559 2854 super
581 2790 624 2838 eo
649 2769 742 2853 quod
767 2769 982 2852 Nuremlergae
1002 2771 1215 2854 propositum
1234 2774 1321 2852 suit,
1343 2796 1425 2861 pro-

234 2897 261 2935 „
280 2855 477 2923 cedendum
501 2856 591 2920 ultra
610 2852 667 2933 s1t3
688 2852 725 2920 dr
742 2853 784 2918 ab
803 2852 954 2919 Statibus
978 2854 1203 2938 exigendum,
1224 2872 1263 2923 ut
1285 2858 1345 2942 ipll
1363 2860 1425 2925 de-

232 2984 259 3017 „
276 2942 410 3006 clarent
433 2954 517 3021 quas
539 2938 650 3003 velint
671 2937 871 3019 provincias
893 2937 929 2999 in
953 2940 1135 3003 nume'rum
1154 2941 1423 3027 auxiliorumque

234 3066 261 3099 ‚‚
277 3023 477 3105 societatem
491 3018 550 3086 sub
573 3021 707 3085 circulo
725 3018 914 3100 Burgundio
932 3020 1216 3101 compraehendi,
1244 3042 1320 3106 quae
1342 3028 1424 3093 item

233 3148 261 3183 „
277 3107 424 3172 habeant
439 3104 648 3171 documenta
663 3102 763 3167 ullius
779 3102 994 3187 obligationis
1016 3102 1084 3169 &e
1124 3103 1214 3170 Nam
1235 3106 1257 3170 st
1273 3106 1426 3174 absolute

236 3186 553 3272 „responderimus
582 3186 664 3251 nihil
696 3186 837 3252 omnino
867 3185 932 3251 effe
958 3184 1051 3268 quod
1070 3186 1191 3255 domus
1210 3188 1428 3273 Burgundica

236 3273 320 3347 „ab
340 3272 493 3355 Imperio
508 3266 733 3353 recognoscat
749 3314 760 3345 ,
776 3266 1090 3351 contendamusque
1110 3269 1153 3335 de
1179 3272 1278 3337 totali
1300 3292 1426 3356 excep·

237 3397 265 3431 „
283 3357 398 3423 tione:
421 3352 644 3429 Verendum,
664 3371 707 3417 ne
730 3353 739 3413 i
766 3351 805 3427 si,
833 3350 926 3433 quod
945 3352 1015 3435 jam
1038 3350 1158 3433 saepius
1186 3354 1303 3419 minati
1331 3354 1425 3431 sunt,

235 3481 264 3527 ρ,
281 3439 493 3523 endemjure
515 3438 567 3501 uti
582 3438 711 3511 velint,
758 3438 915 3515 icantque
941 3452 1007 3498 nec
1029 3434 1155 3581 sepius
1172 3454 1272 3517 quam
1287 3437 1359 3503 illas
1376 3440 1426 3505 di·
1454 3466 1458 3473 2

237 3524 390 3599 „tiones
412 3521 540 3595 teneri,
563 3537 604 3585 ac
626 3518 670 3585 sic
694 3518 768 3583 Rex
789 3516 1021 3583 Romanorum
1040 3534 1073 3582 m
1101 3518 1122 3581 il
1145 3519 1308 3603 deinceps
1332 3526 1425 3587 auxi·

234 3644 262 3681 o
278 3606 403 3671 liorum
418 3604 592 3687 impetret.
632 3600 867 3685 Quamobrem
883 3600 919 3665 id
931 3601 1033 3667 enixe
1051 3619 1134 3683 rogo
1150 3600 1244 3671 Rme.
1258 3604 1336 3669 Dne
1356 3624 1425 3687 quo

93 3709 95 3720 ’
122 3749 125 3760 ,
236 3730 264 3765 ,,
280 3688 398 3756 saltem
419 3682 546 3769 aliquid
570 3684 651 3751 mihi
670 3686 704 3749 in
731 3686 800 3749 hoc
820 3679 959 3766 negotio
979 3683 1217 3765 praescribatur
1239 3688 1427 3771 agendum,

231 3810 264 3847 s,
277 3771 469 3841 secundum
489 3770 594 3851 quod>
610 3784 736 3833 caetera
755 3785 878 3849 queam
897 3766 1055 3849 dirigere.
1097 3768 1220 3851 Scripsi
1241 3771 1361 3835 eadem
1382 3773 1427 3841 de

237 3895 264 3931 „
282 3875 318 3920 re
339 3854 405 3919 tria
425 3852 532 3919 verba
551 3850 594 3916 ad
615 3849 811 3931 praebuero,
844 3848 880 3917 δι
897 3862 1078 3931 antequam
1092 3850 1171 3916 hinc
1188 3851 1358 3919 discedam
1373 3874 1427 3922 rc·

233 3936 298 4013 „s
318 3934 438 4003 onsum
455 3934 662 4017 expectabo,
683 3953 725 4001 ne
745 3934 812 4001 sine
831 3934 1063 4003 Credenuaiuas
1082 3932 1152 4023 sivev
1171 3936 1278 4001 literis
1303 3938 1429 4020 pallus,

238 4062 264 4095 „
292 4038 349 4087 me
374 4036 472 4085 certa
499 4017 613 4104 aliqua
639 4016 855 4083 instrusiionc
881 4019 970 4086 hanc
998 4017 1204 4100 legationem
1232 4036 1424 4103 acceptem.

236 4104 323 4179 „Et
350 4120 395 4167 ne
417 4100 505 4167 Caes.
524 4095 660 4185 Majtas.
687 4118 742 4165 me
772 4101 939 4166 tarditatis
967 4115 1102 4185 arguat,
1125 4100 1237 4183 quaeso
1262 4103 1429 4169 obnixissi-

236 4228 262 4263 ,‚
278 4206 357 4259 me,
395 4204 465 4267 quo
490 4185 585 4252 Rma.
612 4182 657 4250 D.
679 4183 724 4249 V.
755 4182 952 4265 obsequium
985 4202 1098 4251 meum
1128 4200 1197 4250 una
1218 4204 1298 4253 cum
1319 4184 1427 4254 isthoc

238 4267 447 4344 „desiderio
476 4282 583 4334 certae
610 4268 753 4351 alicujus
779 4262 1030 4356 instructionis,
1065 4267 1097 4338 ei
1129 4285 1291 4352 exponat.
1338 4270 1430 4336 Cum

234 4390 264 4443 u
281 4355 562 4443 prinpumauteru
580 4349 775 4437 responsum
787 4349 966 4499 babugro,
981 4348 1095 4417 itineri
1109 4366 1167 4420 me
1185 4355 1430 4501 accingam...

228 4454 233 4464 ¹
1298 4475 1322 4510 s>
1367 4452 1433 4505 ene
