<?xml version="1.0" encoding="UTF-8"?>
<!DOCTYPE html PUBLIC "-//W3C//DTD XHTML 1.0 Transitional//EN"
    "http://www.w3.org/TR/xhtml1/DTD/xhtml1-transitional.dtd">
<html xmlns="http://www.w3.org/1999/xhtml" xml:lang="en" lang="en">
 <head>
  <title>
</title>
<meta http-equiv="Content-Type" content="text/html;charset=utf-8" />
  <meta name='ocr-system' content='tesseract 3.04.00' />
  <meta name='ocr-capabilities' content='ocr_page ocr_carea ocr_par ocr_line ocrx_word'/>
</head>
<body>
  <div class='ocr_page' id='page_1' title='image "./vitavigliiabayt03papegoog_0355.png"; bbox 0 0 3934 5192; ppageno 0'>
   <div class='ocr_carea' id='block_1_1' title="bbox 546 519 1612 692">
    <p class='ocr_par' dir='ltr' id='par_1_1' title="bbox 546 519 1612 692">
     <span class='ocr_line' id='line_1_1' title="bbox 546 519 1612 692; baseline 0.003 -46"><span class='ocrx_word' id='word_1_1' title='bbox 546 519 1612 692; x_wconf 52' lang='lat' dir='ltr'>no‘onnunuoornj</span> 
     </span>
    </p>
   </div>
   <div class='ocr_carea' id='block_1_2' title="bbox 371 745 1891 2476">
    <p class='ocr_par' dir='ltr' id='par_1_2' title="bbox 525 745 1891 1618">
     <span class='ocr_line' id='line_1_2' title="bbox 544 745 1891 846; baseline -0.007 -22"><span class='ocrx_word' id='word_1_2' title='bbox 544 748 672 825; x_wconf 78' lang='lat' dir='ltr'>Zrarda</span> <span class='ocrx_word' id='word_1_3' title='bbox 695 749 867 826; x_wconf 86' lang='lat' dir='ltr'>habitavit</span> <span class='ocrx_word' id='word_1_4' title='bbox 890 751 928 823; x_wconf 90' lang='lat' dir='ltr'>in</span> <span class='ocrx_word' id='word_1_5' title='bbox 950 749 1076 824; x_wconf 85' lang='lat' dir='ltr'>Morta</span> <span class='ocrx_word' id='word_1_6' title='bbox 1099 749 1135 823; x_wconf 94' lang='lat' dir='ltr'>in</span> <span class='ocrx_word' id='word_1_7' title='bbox 1159 747 1328 846; x_wconf 83' lang='lat' dir='ltr'>Abbagae</span> <span class='ocrx_word' id='word_1_8' title='bbox 1347 745 1384 822; x_wconf 75' lang='grc' dir='ltr'>δι</span> <span class='ocrx_word' id='word_1_9' title='bbox 1407 747 1494 844; x_wconf 85' lang='lat' dir='ltr'>obiit</span> <span class='ocrx_word' id='word_1_10' title='bbox 1515 770 1605 826; x_wconf 88' lang='lat' dir='ltr'>anno</span> <span class='ocrx_word' id='word_1_11' title='bbox 1626 767 1772 844; x_wconf 57' lang='lat'>1490).</span> <span class='ocrx_word' id='word_1_12' title='bbox 1889 767 1891 814; x_wconf 72' lang='lat' dir='ltr'>s</span> 
     </span>
     <span class='ocr_line' id='line_1_3' title="bbox 545 845 1765 924; baseline 0.002 -5"><span class='ocrx_word' id='word_1_13' title='bbox 545 849 672 922; x_wconf 81' lang='lat' dir='ltr'>multas</span> <span class='ocrx_word' id='word_1_14' title='bbox 698 847 734 919; x_wconf 90' lang='lat' dir='ltr'>in</span> <span class='ocrx_word' id='word_1_15' title='bbox 760 849 835 920; x_wconf 91' lang='lat' dir='ltr'>vita</span> <span class='ocrx_word' id='word_1_16' title='bbox 859 845 1114 922; x_wconf 77' lang='lat' dir='ltr'>controversias</span> <span class='ocrx_word' id='word_1_17' title='bbox 1139 847 1177 923; x_wconf 73' lang='grc' dir='ltr'>δι</span> <span class='ocrx_word' id='word_1_18' title='bbox 1207 847 1447 920; x_wconf 85' lang='lat' dir='ltr'>contentiones</span> <span class='ocrx_word' id='word_1_19' title='bbox 1469 845 1635 922; x_wconf 87' lang='lat' dir='ltr'>sustinens</span> <span class='ocrx_word' id='word_1_20' title='bbox 1663 869 1765 924; x_wconf 84' lang='lat' dir='ltr'>cum</span> 
     </span>
     <span class='ocr_line' id='line_1_4' title="bbox 544 939 1765 1038; baseline 0.003 -22"><span class='ocrx_word' id='word_1_21' title='bbox 544 939 726 1017; x_wconf 87' lang='lat' dir='ltr'>Douvone</span> <span class='ocrx_word' id='word_1_22' title='bbox 748 941 898 1014; x_wconf 85' lang='lat' dir='ltr'>Harsma</span> <span class='ocrx_word' id='word_1_23' title='bbox 916 947 953 1019; x_wconf 91' lang='lat' dir='ltr'>in</span> <span class='ocrx_word' id='word_1_24' title='bbox 967 943 1029 1016; x_wconf 91' lang='lat' dir='ltr'>He</span> <span class='ocrx_word' id='word_1_25' title='bbox 1054 965 1074 1038; x_wconf 87' lang='lat' dir='ltr'>a</span> <span class='ocrx_word' id='word_1_26' title='bbox 1093 945 1217 1016; x_wconf 89' lang='lat' dir='ltr'>marito</span> <span class='ocrx_word' id='word_1_27' title='bbox 1235 939 1322 1016; x_wconf 81' lang='lat' dir='ltr'>Rixt</span> <span class='ocrx_word' id='word_1_28' title='bbox 1341 943 1462 1014; x_wconf 85' lang='lat' dir='ltr'>itidem</span> <span class='ocrx_word' id='word_1_29' title='bbox 1480 942 1604 1017; x_wconf 86' lang='lat' dir='ltr'>sororis</span> <span class='ocrx_word' id='word_1_30' title='bbox 1627 947 1665 1026; x_wconf 76' lang='grc' dir='ltr'>δι</span> <span class='ocrx_word' id='word_1_31' title='bbox 1689 965 1765 1020; x_wconf 88' lang='lat' dir='ltr'>co·</span> 
     </span>
     <span class='ocr_line' id='line_1_5' title="bbox 544 967 1761 1138; baseline 0.003 -26"><span class='ocrx_word' id='word_1_32' title='bbox 544 1039 695 1112; x_wconf 84' lang='lat' dir='ltr'>haeredis</span> <span class='ocrx_word' id='word_1_33' title='bbox 721 1037 804 1113; x_wconf 72' lang='lat' dir='ltr'>diiii</span> <span class='ocrx_word' id='word_1_34' title='bbox 832 1039 968 1114; x_wconf 84' lang='lat' dir='ltr'>Minue.</span> <span class='ocrx_word' id='word_1_35' title='bbox 1022 967 1099 1114; x_wconf 47' lang='lat' dir='ltr'>iter</span> <span class='ocrx_word' id='word_1_36' title='bbox 1128 1059 1241 1112; x_wconf 89' lang='lat' dir='ltr'>autem</span> <span class='ocrx_word' id='word_1_37' title='bbox 1267 1039 1346 1132; x_wconf 76' lang='lat' dir='ltr'>1⁴”0p</span> <span class='ocrx_word' id='word_1_38' title='bbox 1375 1039 1432 1124; x_wconf 83' lang='lat' dir='ltr'>is,</span> <span class='ocrx_word' id='word_1_39' title='bbox 1465 1036 1587 1114; x_wconf 86' lang='lat' dir='ltr'>filium·</span> <span class='ocrx_word' id='word_1_40' title='bbox 1600 1043 1761 1138; x_wconf 85' lang='lat' dir='ltr'>reliquit</span> 
     </span>
     <span class='ocr_line' id='line_1_6' title="bbox 545 1129 1760 1236; baseline 0.003 -29"><span class='ocrx_word' id='word_1_41' title='bbox 545 1129 658 1209; x_wconf 90' lang='lat' dir='ltr'>Goffe</span> <span class='ocrx_word' id='word_1_42' title='bbox 684 1132 806 1209; x_wconf 81' lang='lat' dir='ltr'>Pieria.</span> <span class='ocrx_word' id='word_1_43' title='bbox 831 1154 968 1231; x_wconf 83' lang='lat' dir='ltr'>patrem</span> <span class='ocrx_word' id='word_1_44' title='bbox 991 1135 1072 1210; x_wconf 84' lang='lat' dir='ltr'>Pier</span> <span class='ocrx_word' id='word_1_45' title='bbox 1096 1133 1249 1221; x_wconf 87' lang='lat' dir='ltr'>Ziarda,</span> <span class='ocrx_word' id='word_1_46' title='bbox 1274 1131 1313 1208; x_wconf 70' lang='grc' dir='ltr'>ἃ</span> <span class='ocrx_word' id='word_1_47' title='bbox 1367 1153 1539 1229; x_wconf 86' lang='lat' dir='ltr'>tnuptam</span> <span class='ocrx_word' id='word_1_48' title='bbox 1562 1140 1599 1210; x_wconf 93' lang='lat' dir='ltr'>in</span> <span class='ocrx_word' id='word_1_49' title='bbox 1623 1139 1760 1236; x_wconf 88' lang='lat' dir='ltr'>primo</span> 
     </span>
     <span class='ocr_line' id='line_1_7' title="bbox 525 1227 1760 1310; baseline 0.005 -6"><span class='ocrx_word' id='word_1_50' title='bbox 525 1233 770 1304; x_wconf 78' lang='lat' dir='ltr'>matrimonio</span> <span class='ocrx_word' id='word_1_51' title='bbox 793 1231 891 1305; x_wconf 83' lang='lat' dir='ltr'>Laez</span> <span class='ocrx_word' id='word_1_52' title='bbox 916 1231 1063 1305; x_wconf 81' lang='lat' dir='ltr'>Harsma</span> <span class='ocrx_word' id='word_1_53' title='bbox 1087 1229 1125 1306; x_wconf 77' lang='lat' dir='ltr'>or</span> <span class='ocrx_word' id='word_1_54' title='bbox 1151 1233 1187 1304; x_wconf 93' lang='lat' dir='ltr'>in</span> <span class='ocrx_word' id='word_1_55' title='bbox 1219 1230 1369 1308; x_wconf 89' lang='lat' dir='ltr'>secundo</span> <span class='ocrx_word' id='word_1_56' title='bbox 1403 1227 1530 1306; x_wconf 84' lang='lat' dir='ltr'>Douve</span> <span class='ocrx_word' id='word_1_57' title='bbox 1555 1233 1760 1310; x_wconf 82' lang='lat' dir='ltr'>Burmania</span> 
     </span>
     <span class='ocr_line' id='line_1_8' title="bbox 547 1323 1757 1424; baseline 0.003 -25"><span class='ocrx_word' id='word_1_58' title='bbox 547 1327 648 1422; x_wconf 80' lang='lat' dir='ltr'>cujus</span> <span class='ocrx_word' id='word_1_59' title='bbox 699 1329 854 1402; x_wconf 88' lang='lat' dir='ltr'>eneratio</span> <span class='ocrx_word' id='word_1_60' title='bbox 879 1326 981 1422; x_wconf 87' lang='lat' dir='ltr'>supra</span> <span class='ocrx_word' id='word_1_61' title='bbox 1005 1330 1151 1402; x_wconf 88' lang='lat' dir='ltr'>habetur</span> <span class='ocrx_word' id='word_1_62' title='bbox 1174 1327 1210 1398; x_wconf 91' lang='lat' dir='ltr'>in</span> <span class='ocrx_word' id='word_1_63' title='bbox 1234 1325 1363 1400; x_wconf 82' lang='lat' dir='ltr'>familia</span> <span class='ocrx_word' id='word_1_64' title='bbox 1386 1323 1597 1424; x_wconf 84' lang='lat' dir='ltr'>Hanyana,</span> <span class='ocrx_word' id='word_1_65' title='bbox 1631 1327 1670 1402; x_wconf 87' lang='lat'>&amp;</span> <span class='ocrx_word' id='word_1_66' title='bbox 1696 1331 1757 1403; x_wconf 92' lang='lat' dir='ltr'>al·</span> 
     </span>
     <span class='ocr_line' id='line_1_9' title="bbox 546 1421 1757 1518; baseline 0.006 -25"><span class='ocrx_word' id='word_1_67' title='bbox 546 1437 658 1495; x_wconf 86' lang='lat' dir='ltr'>teram</span> <span class='ocrx_word' id='word_1_68' title='bbox 718 1426 786 1492; x_wconf 90' lang='lat' dir='ltr'>iam</span> <span class='ocrx_word' id='word_1_69' title='bbox 815 1443 960 1516; x_wconf 84' lang='lat' dir='ltr'>nuptam</span> <span class='ocrx_word' id='word_1_70' title='bbox 982 1421 1032 1496; x_wconf 91' lang='lat' dir='ltr'>N.</span> <span class='ocrx_word' id='word_1_71' title='bbox 1054 1427 1097 1498; x_wconf 88' lang='lat' dir='ltr'>de</span> <span class='ocrx_word' id='word_1_72' title='bbox 1123 1422 1289 1518; x_wconf 82' lang='lat' dir='ltr'>Capella,</span> <span class='ocrx_word' id='word_1_73' title='bbox 1315 1445 1357 1497; x_wconf 88' lang='lat' dir='ltr'>ac</span> <span class='ocrx_word' id='word_1_74' title='bbox 1381 1423 1712 1518; x_wconf 76' lang='lat' dir='ltr'>posteaFrantil&#39;co</span> <span class='ocrx_word' id='word_1_75' title='bbox 1730 1449 1757 1500; x_wconf 85' lang='lat' dir='ltr'>a</span> 
     </span>
     <span class='ocr_line' id='line_1_10' title="bbox 545 1513 1754 1618; baseline 0.004 -30"><span class='ocrx_word' id='word_1_76' title='bbox 545 1513 689 1592; x_wconf 87' lang='lat' dir='ltr'>Roerda</span> <span class='ocrx_word' id='word_1_77' title='bbox 717 1515 931 1590; x_wconf 88' lang='lat' dir='ltr'>Gritmanno</span> <span class='ocrx_word' id='word_1_78' title='bbox 955 1519 991 1590; x_wconf 96' lang='lat' dir='ltr'>in</span> <span class='ocrx_word' id='word_1_79' title='bbox 1017 1517 1355 1606; x_wconf 79' lang='lat' dir='ltr'>Wimbritseradeel,</span> <span class='ocrx_word' id='word_1_80' title='bbox 1382 1521 1507 1614; x_wconf 84' lang='lat' dir='ltr'>quiex</span> <span class='ocrx_word' id='word_1_81' title='bbox 1528 1545 1569 1596; x_wconf 87' lang='lat' dir='ltr'>ea</span> <span class='ocrx_word' id='word_1_82' title='bbox 1594 1520 1754 1618; x_wconf 78' lang='lat' dir='ltr'>suscepit</span> 
     </span>
    </p>

    <p class='ocr_par' dir='ltr' id='par_1_3' title="bbox 371 1609 1771 2476">
     <span class='ocr_line' id='line_1_11' title="bbox 545 1609 1641 1730; baseline 0.005 -46"><span class='ocrx_word' id='word_1_83' title='bbox 545 1609 654 1685; x_wconf 84' lang='lat' dir='ltr'>filium</span> <span class='ocrx_word' id='word_1_84' title='bbox 676 1612 806 1688; x_wconf 86' lang='lat' dir='ltr'>Douve</span> <span class='ocrx_word' id='word_1_85' title='bbox 826 1612 964 1693; x_wconf 86' lang='lat' dir='ltr'>Roerde</span> <span class='ocrx_word' id='word_1_86' title='bbox 979 1617 1141 1692; x_wconf 88' lang='lat' dir='ltr'>maritum</span> <span class='ocrx_word' id='word_1_87' title='bbox 1160 1613 1356 1724; x_wconf 81' lang='lat' dir='ltr'>Catharinae</span> <span class='ocrx_word' id='word_1_88' title='bbox 1372 1637 1393 1687; x_wconf 92' lang='lat' dir='ltr'>a</span> <span class='ocrx_word' id='word_1_89' title='bbox 1411 1615 1641 1730; x_wconf 56' lang='lat' dir='ltr'>Leauketnm</span> 
     </span>
     <span class='ocr_line' id='line_1_12' title="bbox 375 1705 1752 1916; baseline -0.002 -30"><span class='ocrx_word' id='word_1_90' title='bbox 375 1745 513 1886; x_wconf 63' lang='lat' dir='ltr'>att</span> <span class='ocrx_word' id='word_1_91' title='bbox 545 1705 1083 1901; x_wconf 58' lang='lat' dir='ltr'>nutrituram,</span> <span class='ocrx_word' id='word_1_92' title='bbox 1096 1709 1374 1916; x_wconf 60' lang='lat' dir='ltr'>laurita</span> <span class='ocrx_word' id='word_1_93' title='bbox 1391 1712 1752 1902; x_wconf 66' lang='lat' dir='ltr'>tunultu</span> 
     </span>
     <span class='ocr_line' id='line_1_13' title="bbox 375 1900 1749 1998; baseline 0.005 -27"><span class='ocrx_word' id='word_1_94' title='bbox 375 1901 509 1964; x_wconf 63' lang='lat' dir='ltr'>Bonum</span> <span class='ocrx_word' id='word_1_95' title='bbox 546 1925 588 1974; x_wconf 88' lang='lat' dir='ltr'>ac</span> <span class='ocrx_word' id='word_1_96' title='bbox 602 1923 692 1974; x_wconf 86' lang='lat' dir='ltr'>uxor</span> <span class='ocrx_word' id='word_1_97' title='bbox 711 1901 836 1975; x_wconf 86' lang='lat' dir='ltr'>Saskar</span> <span class='ocrx_word' id='word_1_98' title='bbox 855 1901 1015 1998; x_wconf 85' lang='lat' dir='ltr'>Heringa</span> <span class='ocrx_word' id='word_1_99' title='bbox 1025 1901 1246 1976; x_wconf 80' lang='lat' dir='ltr'>descendunt.</span> <span class='ocrx_word' id='word_1_100' title='bbox 1265 1900 1441 1974; x_wconf 77' lang='lat' dir='ltr'>Videntur</span> <span class='ocrx_word' id='word_1_101' title='bbox 1460 1902 1499 1976; x_wconf 75' lang='lat' dir='ltr'>iit</span> <span class='ocrx_word' id='word_1_102' title='bbox 1514 1907 1573 1977; x_wconf 85' lang='lat' dir='ltr'>alii</span> <span class='ocrx_word' id='word_1_103' title='bbox 1585 1927 1629 1978; x_wconf 86' lang='lat' dir='ltr'>err</span> <span class='ocrx_word' id='word_1_104' title='bbox 1646 1905 1749 1978; x_wconf 84' lang='lat' dir='ltr'>Dou-</span> 
     </span>
     <span class='ocr_line' id='line_1_14' title="bbox 371 1994 1744 2093; baseline 0.002 -22"><span class='ocrx_word' id='word_1_105' title='bbox 371 1998 419 2080; x_wconf 65' lang='lat'>8⁴}</span> <span class='ocrx_word' id='word_1_106' title='bbox 544 2021 590 2071; x_wconf 86' lang='lat' dir='ltr'>ve</span> <span class='ocrx_word' id='word_1_107' title='bbox 604 1995 751 2070; x_wconf 87' lang='lat' dir='ltr'>Harsma</span> <span class='ocrx_word' id='word_1_108' title='bbox 767 1998 832 2070; x_wconf 88' lang='lat' dir='ltr'>&amp;i</span> <span class='ocrx_word' id='word_1_109' title='bbox 858 1994 893 2070; x_wconf 77' lang='lat' dir='ltr'>sa·</span> <span class='ocrx_word' id='word_1_110' title='bbox 904 1995 1294 2093; x_wconf 86' lang='lat' dir='ltr'>Hylllckdeicendili&#39;e,</span> <span class='ocrx_word' id='word_1_111' title='bbox 1311 1999 1476 2072; x_wconf 86' lang='lat' dir='ltr'>videlicet</span> <span class='ocrx_word' id='word_1_112' title='bbox 1486 1998 1581 2074; x_wconf 84' lang='lat' dir='ltr'>Laez</span> <span class='ocrx_word' id='word_1_113' title='bbox 1595 1997 1744 2074; x_wconf 79' lang='lat' dir='ltr'>Harsma</span> 
     </span>
     <span class='ocr_line' id='line_1_15' title="bbox 409 2021 1745 2192; baseline 0.003 -26"><span class='ocrx_word' id='word_1_114' title='bbox 409 2143 414 2152; x_wconf 85' lang='lat'>·</span> <span class='ocrx_word' id='word_1_115' title='bbox 542 2094 601 2166; x_wconf 86' lang='lat' dir='ltr'>cui</span> <span class='ocrx_word' id='word_1_116' title='bbox 617 2113 726 2188; x_wconf 88' lang='lat' dir='ltr'>nupta</span> <span class='ocrx_word' id='word_1_117' title='bbox 743 2091 812 2166; x_wconf 83' lang='lat' dir='ltr'>fuit</span> <span class='ocrx_word' id='word_1_118' title='bbox 826 2021 876 2165; x_wconf 56' lang='lat' dir='ltr'>iit</span> <span class='ocrx_word' id='word_1_119' title='bbox 886 2091 957 2167; x_wconf 90' lang='lat' dir='ltr'>filia</span> <span class='ocrx_word' id='word_1_120' title='bbox 971 2091 1158 2188; x_wconf 71' lang='lat' dir='ltr'>supradiiii</span> <span class='ocrx_word' id='word_1_121' title='bbox 1170 2093 1250 2167; x_wconf 88' lang='lat' dir='ltr'>Pier</span> <span class='ocrx_word' id='word_1_122' title='bbox 1268 2092 1413 2188; x_wconf 81' lang='lat' dir='ltr'>Foppes</span> <span class='ocrx_word' id='word_1_123' title='bbox 1429 2119 1470 2167; x_wconf 87' lang='lat' dir='ltr'>ac</span> <span class='ocrx_word' id='word_1_124' title='bbox 1482 2094 1745 2192; x_wconf 79' lang='lat' dir='ltr'>HaringHari·</span> 
     </span>
     <span class='ocr_line' id='line_1_16' title="bbox 542 2187 1771 2284; baseline 0.002 -22"><span class='ocrx_word' id='word_1_125' title='bbox 542 2211 618 2274; x_wconf 87' lang='lat' dir='ltr'>tna,</span> <span class='ocrx_word' id='word_1_126' title='bbox 644 2189 706 2284; x_wconf 89' lang='lat' dir='ltr'>qui</span> <span class='ocrx_word' id='word_1_127' title='bbox 722 2189 822 2261; x_wconf 80' lang='lat' dir='ltr'>duxit</span> <span class='ocrx_word' id='word_1_128' title='bbox 838 2187 959 2261; x_wconf 80' lang='lat' dir='ltr'>Bauck</span> <span class='ocrx_word' id='word_1_129' title='bbox 969 2189 1175 2276; x_wconf 87' lang='lat' dir='ltr'>Burmania,</span> <span class='ocrx_word' id='word_1_130' title='bbox 1192 2191 1229 2264; x_wconf 89' lang='lat'>&amp;</span> <span class='ocrx_word' id='word_1_131' title='bbox 1246 2187 1376 2262; x_wconf 87' lang='lat' dir='ltr'>Douve</span> <span class='ocrx_word' id='word_1_132' title='bbox 1392 2187 1743 2284; x_wconf 76' lang='lat' dir='ltr'>Harsmajuniorenn,</span> <span class='ocrx_word' id='word_1_133' title='bbox 1761 2199 1771 2212; x_wconf 74' lang='lat'><strong>⁴</strong></span> 
     </span>
     <span class='ocr_line' id='line_1_17' title="bbox 569 2283 1743 2380; baseline 0.003 -22"><span class='ocrx_word' id='word_1_134' title='bbox 569 2305 682 2358; x_wconf 87' lang='lat' dir='ltr'>atrem</span> <span class='ocrx_word' id='word_1_135' title='bbox 697 2283 749 2358; x_wconf 89' lang='lat' dir='ltr'>N.</span> <span class='ocrx_word' id='word_1_136' title='bbox 770 2283 930 2358; x_wconf 82' lang='lat' dir='ltr'>Harsma</span> <span class='ocrx_word' id='word_1_137' title='bbox 947 2309 1091 2359; x_wconf 88' lang='lat' dir='ltr'>matrem</span> <span class='ocrx_word' id='word_1_138' title='bbox 1111 2285 1243 2380; x_wconf 77' lang='lat' dir='ltr'>Jaucke</span> <span class='ocrx_word' id='word_1_139' title='bbox 1263 2284 1481 2371; x_wconf 85' lang='lat' dir='ltr'>Douwema,</span> <span class='ocrx_word' id='word_1_140' title='bbox 1508 2283 1546 2358; x_wconf 74' lang='grc' dir='ltr'>ἃ</span> <span class='ocrx_word' id='word_1_141' title='bbox 1562 2287 1686 2362; x_wconf 88' lang='lat' dir='ltr'>ldzart</span> <span class='ocrx_word' id='word_1_142' title='bbox 1706 2291 1743 2362; x_wconf 84' lang='lat' dir='ltr'>in</span> 
     </span>
     <span class='ocr_line' id='line_1_18' title="bbox 541 2307 1741 2476; baseline 0.003 -24"><span class='ocrx_word' id='word_1_143' title='bbox 541 2307 778 2460; x_wconf 54' lang='lat' dir='ltr'>gremium,</span> <span class='ocrx_word' id='word_1_144' title='bbox 818 2383 912 2454; x_wconf 88' lang='lat' dir='ltr'>unde</span> <span class='ocrx_word' id='word_1_145' title='bbox 936 2383 1114 2476; x_wconf 84' lang='lat' dir='ltr'>colligitur</span> <span class='ocrx_word' id='word_1_146' title='bbox 1139 2405 1183 2454; x_wconf 83' lang='lat' dir='ltr'>ex</span> <span class='ocrx_word' id='word_1_147' title='bbox 1211 2382 1265 2454; x_wconf 88' lang='lat' dir='ltr'>his</span> <span class='ocrx_word' id='word_1_148' title='bbox 1300 2381 1435 2454; x_wconf 89' lang='lat' dir='ltr'>duabus</span> <span class='ocrx_word' id='word_1_149' title='bbox 1470 2379 1610 2458; x_wconf 84' lang='lat' dir='ltr'>filiabus</span> <span class='ocrx_word' id='word_1_150' title='bbox 1639 2383 1741 2456; x_wconf 75' lang='lat' dir='ltr'>Hine</span> 
     </span>
    </p>
   </div>
   <div class='ocr_carea' id='block_1_3' title="bbox 542 2466 1744 2664">
    <p class='ocr_par' dir='ltr' id='par_1_4' title="bbox 542 2466 1744 2664">
     <span class='ocr_line' id='line_1_19' title="bbox 542 2466 1744 2573; baseline 0.002 -24"><span class='ocrx_word' id='word_1_151' title='bbox 542 2473 751 2572; x_wconf 85' lang='lat' dir='ltr'>Bomminga</span> <span class='ocrx_word' id='word_1_152' title='bbox 778 2466 993 2570; x_wconf 79' lang='lat' dir='ltr'>patruelibus</span> <span class='ocrx_word' id='word_1_153' title='bbox 1019 2479 1205 2552; x_wconf 87' lang='lat' dir='ltr'>liberorum</span> <span class='ocrx_word' id='word_1_154' title='bbox 1236 2475 1345 2549; x_wconf 86' lang='lat' dir='ltr'>Broer</span> <span class='ocrx_word' id='word_1_155' title='bbox 1375 2475 1581 2573; x_wconf 82' lang='lat' dir='ltr'>Bomminga</span> <span class='ocrx_word' id='word_1_156' title='bbox 1603 2477 1744 2554; x_wconf 89' lang='lat' dir='ltr'>descen·</span> 
     </span>
     <span class='ocr_line' id='line_1_20' title="bbox 543 2569 1743 2664; baseline 0.005 -20"><span class='ocrx_word' id='word_1_157' title='bbox 543 2569 628 2647; x_wconf 80' lang='lat' dir='ltr'>dille</span> <span class='ocrx_word' id='word_1_158' title='bbox 646 2574 732 2644; x_wconf 80' lang='lat' dir='ltr'>duat</span> <span class='ocrx_word' id='word_1_159' title='bbox 750 2571 966 2645; x_wconf 85' lang='lat' dir='ltr'>nobilillimas</span> <span class='ocrx_word' id='word_1_160' title='bbox 985 2569 1133 2647; x_wconf 83' lang='lat' dir='ltr'>familias</span> <span class='ocrx_word' id='word_1_161' title='bbox 1154 2570 1270 2648; x_wconf 86' lang='lat' dir='ltr'>Frifiae</span> <span class='ocrx_word' id='word_1_162' title='bbox 1286 2571 1411 2648; x_wconf 87' lang='lat' dir='ltr'>Ziarda</span> <span class='ocrx_word' id='word_1_163' title='bbox 1430 2573 1466 2644; x_wconf 89' lang='lat'>&amp;</span> <span class='ocrx_word' id='word_1_164' title='bbox 1484 2571 1643 2650; x_wconf 86' lang='lat' dir='ltr'>Harsma.</span> <span class='ocrx_word' id='word_1_165' title='bbox 1718 2589 1743 2664; x_wconf 67' lang='grc'><strong>4</strong></span> 
     </span>
    </p>
   </div>
   <div class='ocr_carea' id='block_1_4' title="bbox 221 2659 1742 2769">
    <p class='ocr_par' dir='ltr' id='par_1_5' title="bbox 221 2659 1742 2769">
     <span class='ocr_line' id='line_1_21' title="bbox 221 2659 1742 2769; baseline 0.002 -26"><span class='ocrx_word' id='word_1_166' title='bbox 221 2659 224 2664; x_wconf 43' lang='lat'><strong><em>⁴</em></strong></span> <span class='ocrx_word' id='word_1_167' title='bbox 371 2679 460 2744; x_wconf 69' lang='lat' dir='ltr'>lm</span> <span class='ocrx_word' id='word_1_168' title='bbox 594 2666 672 2762; x_wconf 88' lang='lat' dir='ltr'>lpse</span> <span class='ocrx_word' id='word_1_169' title='bbox 686 2690 801 2741; x_wconf 88' lang='lat' dir='ltr'>autem</span> <span class='ocrx_word' id='word_1_170' title='bbox 817 2665 930 2742; x_wconf 87' lang='lat' dir='ltr'>Broer</span> <span class='ocrx_word' id='word_1_171' title='bbox 948 2667 1216 2764; x_wconf 75' lang='lat' dir='ltr'>Bommingaex</span> <span class='ocrx_word' id='word_1_172' title='bbox 1233 2667 1361 2742; x_wconf 87' lang='lat' dir='ltr'>T&#39;zietz</span> <span class='ocrx_word' id='word_1_173' title='bbox 1380 2669 1469 2742; x_wconf 83' lang='lat' dir='ltr'>filios</span> <span class='ocrx_word' id='word_1_174' title='bbox 1487 2671 1577 2743; x_wconf 86' lang='lat' dir='ltr'>duos</span> <span class='ocrx_word' id='word_1_175' title='bbox 1599 2671 1742 2769; x_wconf 87' lang='lat' dir='ltr'>reliquit</span> 
     </span>
    </p>
   </div>
   <div class='ocr_carea' id='block_1_5' title="bbox 371 2759 1559 2860">
    <p class='ocr_par' dir='ltr' id='par_1_6' title="bbox 371 2759 1559 2860">
     <span class='ocr_line' id='line_1_22' title="bbox 371 2759 1559 2860; baseline 0.005 -25"><span class='ocrx_word' id='word_1_176' title='bbox 371 2759 506 2852; x_wconf 56' lang='lat' dir='ltr'><em>W</em></span> <span class='ocrx_word' id='word_1_177' title='bbox 545 2759 629 2836; x_wconf 82' lang='lat' dir='ltr'>Lou</span> <span class='ocrx_word' id='word_1_178' title='bbox 650 2759 879 2847; x_wconf 84' lang='lat' dir='ltr'>Broerlioen,</span> <span class='ocrx_word' id='word_1_179' title='bbox 904 2762 941 2835; x_wconf 72' lang='grc' dir='ltr'>ἂ</span> <span class='ocrx_word' id='word_1_180' title='bbox 960 2763 1063 2860; x_wconf 82' lang='lat' dir='ltr'>O&#39;ego</span> <span class='ocrx_word' id='word_1_181' title='bbox 1082 2764 1286 2840; x_wconf 78' lang='lat' dir='ltr'>Broerffoen</span> <span class='ocrx_word' id='word_1_182' title='bbox 1304 2789 1323 2838; x_wconf 90' lang='lat' dir='ltr'>a</span> <span class='ocrx_word' id='word_1_183' title='bbox 1340 2765 1559 2860; x_wconf 83' lang='lat' dir='ltr'>Bomminga.</span> 
     </span>
    </p>
   </div>
   <div class='ocr_carea' id='block_1_6' title="bbox 364 2838 1890 3532">
    <p class='ocr_par' dir='ltr' id='par_1_7' title="bbox 368 2838 1890 3146">
     <span class='ocr_line' id='line_1_23' title="bbox 370 2838 1740 2970; baseline 0.004 -40"><span class='ocrx_word' id='word_1_184' title='bbox 370 2838 521 2970; x_wconf 49' lang='lat' dir='ltr'>pm,</span> <span class='ocrx_word' id='word_1_185' title='bbox 597 2857 676 2933; x_wconf 87' lang='lat' dir='ltr'>Lon</span> <span class='ocrx_word' id='word_1_186' title='bbox 692 2859 783 2932; x_wconf 82' lang='lat' dir='ltr'>filios</span> <span class='ocrx_word' id='word_1_187' title='bbox 803 2883 873 2930; x_wconf 93' lang='lat' dir='ltr'>non</span> <span class='ocrx_word' id='word_1_188' title='bbox 893 2863 956 2932; x_wconf 87' lang='lat' dir='ltr'>reli</span> <span class='ocrx_word' id='word_1_189' title='bbox 981 2861 1052 2945; x_wconf 84' lang='lat' dir='ltr'>uit,</span> <span class='ocrx_word' id='word_1_190' title='bbox 1078 2885 1210 2935; x_wconf 81' lang='lat' dir='ltr'>verum.</span> <span class='ocrx_word' id='word_1_191' title='bbox 1219 2863 1352 2955; x_wconf 90' lang='lat' dir='ltr'>aliquot</span> <span class='ocrx_word' id='word_1_192' title='bbox 1371 2861 1478 2946; x_wconf 86' lang='lat' dir='ltr'>filias,</span> <span class='ocrx_word' id='word_1_193' title='bbox 1504 2885 1659 2958; x_wconf 86' lang='lat' dir='ltr'>quarum·</span> <span class='ocrx_word' id='word_1_194' title='bbox 1672 2885 1740 2936; x_wconf 82' lang='lat' dir='ltr'>una</span> 
     </span>
     <span class='ocr_line' id='line_1_24' title="bbox 368 2887 1890 3069; baseline 0.001 -41"><span class='ocrx_word' id='word_1_195' title='bbox 368 2929 531 3069; x_wconf 48' lang='lat' dir='ltr'>mm</span> <span class='ocrx_word' id='word_1_196' title='bbox 548 2978 660 3050; x_wconf 88' lang='lat' dir='ltr'>nupta</span> <span class='ocrx_word' id='word_1_197' title='bbox 673 2951 740 3028; x_wconf 88' lang='lat' dir='ltr'>fuit</span> <span class='ocrx_word' id='word_1_198' title='bbox 760 2953 871 3029; x_wconf 83' lang='lat' dir='ltr'>Zirclt</span> <span class='ocrx_word' id='word_1_199' title='bbox 889 2887 1038 3028; x_wconf 62' lang='lat' dir='ltr'>Haiima</span> <span class='ocrx_word' id='word_1_200' title='bbox 1055 2955 1162 3029; x_wconf 87' lang='lat' dir='ltr'>Inder</span> <span class='ocrx_word' id='word_1_201' title='bbox 1173 2956 1246 3028; x_wconf 79' lang='lat' dir='ltr'>Elii</span> <span class='ocrx_word' id='word_1_202' title='bbox 1256 3009 1266 3042; x_wconf 89' lang='lat'><strong><em>,</em></strong></span> <span class='ocrx_word' id='word_1_203' title='bbox 1303 2959 1338 3042; x_wconf 87' lang='lat' dir='ltr'>ui</span> <span class='ocrx_word' id='word_1_204' title='bbox 1358 2959 1419 3030; x_wconf 86' lang='lat' dir='ltr'>rell</span> <span class='ocrx_word' id='word_1_205' title='bbox 1446 2959 1497 3029; x_wconf 94' lang='lat' dir='ltr'>uit</span> <span class='ocrx_word' id='word_1_206' title='bbox 1515 2981 1558 3030; x_wconf 82' lang='lat' dir='ltr'>ex</span> <span class='ocrx_word' id='word_1_207' title='bbox 1575 2983 1617 3031; x_wconf 87' lang='lat' dir='ltr'>ea</span> <span class='ocrx_word' id='word_1_208' title='bbox 1630 2957 1739 3056; x_wconf 89' lang='lat' dir='ltr'>Zydt·</span> <span class='ocrx_word' id='word_1_209' title='bbox 1889 2953 1890 2982; x_wconf 62' lang='lat'>¹</span> 
     </span>
     <span class='ocr_line' id='line_1_25' title="bbox 548 2983 1452 3146; baseline 0 -22"><span class='ocrx_word' id='word_1_210' title='bbox 548 3074 588 3126; x_wconf 88' lang='lat' dir='ltr'>ze</span> <span class='ocrx_word' id='word_1_211' title='bbox 607 3049 898 3146; x_wconf 85' lang='lat' dir='ltr'>&amp;JelleHarsrna</span> <span class='ocrx_word' id='word_1_212' title='bbox 913 3073 953 3124; x_wconf 90' lang='lat' dir='ltr'>ac</span> <span class='ocrx_word' id='word_1_213' title='bbox 966 3051 1111 3126; x_wconf 89' lang='lat' dir='ltr'>Mariam</span> <span class='ocrx_word' id='word_1_214' title='bbox 1131 3073 1275 3126; x_wconf 84' lang='lat' dir='ltr'>uxorem</span> <span class='ocrx_word' id='word_1_215' title='bbox 1328 2983 1452 3125; x_wconf 59' lang='lat' dir='ltr'>effeli</span> 
     </span>
    </p>

    <p class='ocr_par' dir='ltr' id='par_1_8' title="bbox 364 3144 1840 3532">
     <span class='ocr_line' id='line_1_26' title="bbox 369 3144 1840 3250; baseline 0.001 -29"><span class='ocrx_word' id='word_1_216' title='bbox 369 3156 505 3250; x_wconf 49' lang='lat' dir='ltr'>‚w</span> <span class='ocrx_word' id='word_1_217' title='bbox 546 3173 589 3222; x_wconf 86' lang='lat' dir='ltr'>ze</span> <span class='ocrx_word' id='word_1_218' title='bbox 611 3165 730 3220; x_wconf 87' lang='lat' dir='ltr'>autern</span> <span class='ocrx_word' id='word_1_219' title='bbox 750 3171 794 3220; x_wconf 86' lang='lat' dir='ltr'>ex</span> <span class='ocrx_word' id='word_1_220' title='bbox 811 3149 924 3241; x_wconf 86' lang='lat' dir='ltr'>prima</span> <span class='ocrx_word' id='word_1_221' title='bbox 949 3171 1058 3220; x_wconf 83' lang='lat' dir='ltr'>uxore</span> <span class='ocrx_word' id='word_1_222' title='bbox 1087 3149 1195 3222; x_wconf 86' lang='lat' dir='ltr'>vitlua</span> <span class='ocrx_word' id='word_1_223' title='bbox 1215 3144 1338 3222; x_wconf 85' lang='lat' dir='ltr'>Renici</span> <span class='ocrx_word' id='word_1_224' title='bbox 1364 3145 1521 3223; x_wconf 88' lang='lat' dir='ltr'>Camstra</span> <span class='ocrx_word' id='word_1_225' title='bbox 1549 3147 1644 3222; x_wconf 72' lang='lat' dir='ltr'>dieta</span> <span class='ocrx_word' id='word_1_226' title='bbox 1667 3151 1737 3223; x_wconf 86' lang='lat' dir='ltr'>His</span> <span class='ocrx_word' id='word_1_227' title='bbox 1835 3235 1840 3242; x_wconf 46' lang='grc'>,</span> 
     </span>
     <span class='ocr_line' id='line_1_27' title="bbox 364 3241 1738 3348; baseline 0 -30"><span class='ocrx_word' id='word_1_228' title='bbox 364 3285 414 3348; x_wconf 56' lang='lat'>8&amp;</span> <span class='ocrx_word' id='word_1_229' title='bbox 545 3241 712 3338; x_wconf 82' lang='lat' dir='ltr'>Ockinga</span> <span class='ocrx_word' id='word_1_230' title='bbox 724 3245 839 3317; x_wconf 89' lang='lat' dir='ltr'>nullos</span> <span class='ocrx_word' id='word_1_231' title='bbox 854 3242 984 3318; x_wconf 79' lang='lat' dir='ltr'>liberos</span> <span class='ocrx_word' id='word_1_232' title='bbox 1000 3243 1143 3326; x_wconf 88' lang='lat' dir='ltr'>habuit,</span> <span class='ocrx_word' id='word_1_233' title='bbox 1168 3244 1206 3317; x_wconf 73' lang='grc' dir='ltr'>δι</span> <span class='ocrx_word' id='word_1_234' title='bbox 1221 3267 1264 3316; x_wconf 82' lang='lat' dir='ltr'>ex</span> <span class='ocrx_word' id='word_1_235' title='bbox 1281 3243 1430 3318; x_wconf 87' lang='lat' dir='ltr'>secunda</span> <span class='ocrx_word' id='word_1_236' title='bbox 1453 3243 1525 3316; x_wconf 89' lang='lat' dir='ltr'>filia</span> <span class='ocrx_word' id='word_1_237' title='bbox 1549 3247 1642 3342; x_wconf 85' lang='lat' dir='ltr'>Syx&#39;t</span> <span class='ocrx_word' id='word_1_238' title='bbox 1663 3243 1738 3318; x_wconf 85' lang='lat' dir='ltr'>Ha·</span> 
     </span>
     <span class='ocr_line' id='line_1_28' title="bbox 542 3339 1739 3436; baseline 0.001 -24"><span class='ocrx_word' id='word_1_239' title='bbox 542 3364 566 3412; x_wconf 92' lang='lat' dir='ltr'>n</span> <span class='ocrx_word' id='word_1_240' title='bbox 594 3364 614 3412; x_wconf 89' lang='lat' dir='ltr'>a</span> <span class='ocrx_word' id='word_1_241' title='bbox 640 3341 677 3412; x_wconf 89' lang='lat' dir='ltr'>in</span> <span class='ocrx_word' id='word_1_242' title='bbox 703 3339 919 3422; x_wconf 86' lang='lat' dir='ltr'>Brouwert‚</span> <span class='ocrx_word' id='word_1_243' title='bbox 957 3342 1096 3412; x_wconf 86' lang='lat' dir='ltr'>unicam</span> <span class='ocrx_word' id='word_1_244' title='bbox 1123 3357 1257 3411; x_wconf 91' lang='lat' dir='ltr'>tanturn</span> <span class='ocrx_word' id='word_1_245' title='bbox 1284 3339 1386 3412; x_wconf 83' lang='lat' dir='ltr'>liliam</span> <span class='ocrx_word' id='word_1_246' title='bbox 1416 3341 1479 3412; x_wconf 89' lang='lat' dir='ltr'>reli</span> <span class='ocrx_word' id='word_1_247' title='bbox 1507 3343 1558 3412; x_wconf 91' lang='lat' dir='ltr'>uit</span> <span class='ocrx_word' id='word_1_248' title='bbox 1593 3361 1739 3436; x_wconf 89' lang='lat' dir='ltr'>nuptam</span> 
     </span>
     <span class='ocr_line' id='line_1_29' title="bbox 584 3363 1737 3532; baseline 0.003 -24"><span class='ocrx_word' id='word_1_249' title='bbox 584 3459 641 3508; x_wconf 92' lang='lat' dir='ltr'>no.</span> <span class='ocrx_word' id='word_1_250' title='bbox 674 3434 767 3529; x_wconf 88' lang='lat' dir='ltr'>Julio</span> <span class='ocrx_word' id='word_1_251' title='bbox 801 3459 822 3508; x_wconf 89' lang='lat' dir='ltr'>a</span> <span class='ocrx_word' id='word_1_252' title='bbox 853 3431 1015 3508; x_wconf 81' lang='lat' dir='ltr'>Deiama</span> <span class='ocrx_word' id='word_1_253' title='bbox 1045 3431 1238 3508; x_wconf 80' lang='lat' dir='ltr'>consiliario</span> <span class='ocrx_word' id='word_1_254' title='bbox 1263 3435 1380 3532; x_wconf 80' lang='lat' dir='ltr'>Regio</span> <span class='ocrx_word' id='word_1_255' title='bbox 1412 3437 1448 3506; x_wconf 96' lang='lat' dir='ltr'>in</span> <span class='ocrx_word' id='word_1_256' title='bbox 1475 3363 1592 3508; x_wconf 54' lang='lat' dir='ltr'>lirilia.</span> <span class='ocrx_word' id='word_1_257' title='bbox 1651 3435 1737 3532; x_wconf 81' lang='lat' dir='ltr'>Jell&#39;e</span> 
     </span>
    </p>
   </div>
   <div class='ocr_carea' id='block_1_7' title="bbox 368 3525 1737 3648">
    <p class='ocr_par' dir='ltr' id='par_1_9' title="bbox 368 3525 1737 3648">
     <span class='ocr_line' id='line_1_30' title="bbox 368 3525 1737 3648; baseline -0.002 -40"><span class='ocrx_word' id='word_1_258' title='bbox 368 3567 448 3648; x_wconf 70' lang='lat'>0‘8‘</span> <span class='ocrx_word' id='word_1_259' title='bbox 543 3553 667 3605; x_wconf 87' lang='lat' dir='ltr'>autem.</span> <span class='ocrx_word' id='word_1_260' title='bbox 693 3533 829 3626; x_wconf 90' lang='lat' dir='ltr'>aliquot</span> <span class='ocrx_word' id='word_1_261' title='bbox 852 3529 983 3604; x_wconf 88' lang='lat' dir='ltr'>liberos</span> <span class='ocrx_word' id='word_1_262' title='bbox 1016 3531 1156 3626; x_wconf 81' lang='lat' dir='ltr'>reliquit</span> <span class='ocrx_word' id='word_1_263' title='bbox 1193 3553 1248 3602; x_wconf 87' lang='lat' dir='ltr'>ex.</span> <span class='ocrx_word' id='word_1_264' title='bbox 1271 3531 1343 3604; x_wconf 90' lang='lat' dir='ltr'>filia</span> <span class='ocrx_word' id='word_1_265' title='bbox 1377 3525 1495 3602; x_wconf 83' lang='lat' dir='ltr'>Hess&#39;el</span> <span class='ocrx_word' id='word_1_266' title='bbox 1527 3531 1668 3631; x_wconf 86' lang='lat' dir='ltr'>Abinga</span> <span class='ocrx_word' id='word_1_267' title='bbox 1700 3536 1737 3606; x_wconf 93' lang='lat' dir='ltr'>in</span> 
     </span>
    </p>
   </div>
   <div class='ocr_carea' id='block_1_8' title="bbox 1454 3053 1740 3150">
    <p class='ocr_par' dir='ltr' id='par_1_10' title="bbox 1454 3053 1740 3150">
     <span class='ocr_line' id='line_1_31' title="bbox 1454 3053 1740 3150; baseline 0.014 -26"><span class='ocrx_word' id='word_1_268' title='bbox 1454 3055 1604 3126; x_wconf 77' lang='lat' dir='ltr'>oitzrma.</span> <span class='ocrx_word' id='word_1_269' title='bbox 1630 3053 1740 3150; x_wconf 86' lang='lat' dir='ltr'>Zydt·</span> 
     </span>
    </p>
   </div>
   <div class='ocr_carea' id='block_1_9' title="bbox 270 3623 1737 3724">
    <p class='ocr_par' dir='ltr' id='par_1_11' title="bbox 270 3613 1888 3728">
     <span class='ocr_line' id='line_1_32' title="bbox 270 3623 1737 3724; baseline -0.003 -20"><span class='ocrx_word' id='word_1_270' title='bbox 270 3691 275 3704; x_wconf 93' lang='lat'><em>.</em></span> <span class='ocrx_word' id='word_1_271' title='bbox 364 3645 509 3708; x_wconf 49' lang='lat' dir='ltr'>‚amato</span> <span class='ocrx_word' id='word_1_272' title='bbox 541 3625 715 3724; x_wconf 78' lang='lat' dir='ltr'>Huyfirm.</span> <span class='ocrx_word' id='word_1_273' title='bbox 771 3623 911 3697; x_wconf 85' lang='lat' dir='ltr'>Habuit</span> <span class='ocrx_word' id='word_1_274' title='bbox 940 3624 978 3697; x_wconf 71' lang='grc' dir='ltr'>δι</span> <span class='ocrx_word' id='word_1_275' title='bbox 1010 3625 1091 3700; x_wconf 86' lang='lat' dir='ltr'>Lou</span> <span class='ocrx_word' id='word_1_276' title='bbox 1121 3627 1267 3699; x_wconf 85' lang='lat' dir='ltr'>alteram</span> <span class='ocrx_word' id='word_1_277' title='bbox 1295 3624 1403 3698; x_wconf 83' lang='lat' dir='ltr'>filiam</span> <span class='ocrx_word' id='word_1_278' title='bbox 1433 3645 1577 3722; x_wconf 82' lang='lat' dir='ltr'>nuptam</span> <span class='ocrx_word' id='word_1_279' title='bbox 1608 3626 1737 3722; x_wconf 79' lang='lat' dir='ltr'>J&#39;elmer</span> 
     </span>
    </p>
   </div>
   <div class='ocr_carea' id='block_1_10' title="bbox 366 3717 1738 4010">
    <p class='ocr_par' dir='ltr' id='par_1_12' title="bbox 366 3717 1738 4010">
     <span class='ocr_line' id='line_1_33' title="bbox 366 3717 1738 3818; baseline 0.001 -23"><span class='ocrx_word' id='word_1_280' title='bbox 366 3739 416 3806; x_wconf 67' lang='lat' dir='ltr'>ge</span> <span class='ocrx_word' id='word_1_281' title='bbox 543 3721 737 3809; x_wconf 89' lang='lat' dir='ltr'>Ottesoen,</span> <span class='ocrx_word' id='word_1_282' title='bbox 770 3723 840 3816; x_wconf 71' lang='lat' dir='ltr'>quil</span> <span class='ocrx_word' id='word_1_283' title='bbox 855 3721 993 3818; x_wconf 83' lang='lat' dir='ltr'>reliquit</span> <span class='ocrx_word' id='word_1_284' title='bbox 1019 3721 1127 3794; x_wconf 88' lang='lat' dir='ltr'>filium</span> <span class='ocrx_word' id='word_1_285' title='bbox 1152 3717 1266 3810; x_wconf 88' lang='lat' dir='ltr'>Otto,</span> <span class='ocrx_word' id='word_1_286' title='bbox 1299 3719 1338 3794; x_wconf 74' lang='grc' dir='ltr'>ἃ</span> <span class='ocrx_word' id='word_1_287' title='bbox 1364 3745 1408 3798; x_wconf 86' lang='lat' dir='ltr'>ex</span> <span class='ocrx_word' id='word_1_288' title='bbox 1433 3745 1485 3793; x_wconf 89' lang='lat' dir='ltr'>eo·</span> <span class='ocrx_word' id='word_1_289' title='bbox 1501 3721 1607 3796; x_wconf 86' lang='lat' dir='ltr'>Geke</span> <span class='ocrx_word' id='word_1_290' title='bbox 1633 3721 1738 3796; x_wconf 79' lang='lat' dir='ltr'>Otre-</span> 
     </span>
     <span class='ocr_line' id='line_1_34' title="bbox 370 3813 1736 3918; baseline 0.002 -28"><span class='ocrx_word' id='word_1_291' title='bbox 370 3846 462 3906; x_wconf 75' lang='lat' dir='ltr'>lum</span> <span class='ocrx_word' id='word_1_292' title='bbox 542 3815 625 3892; x_wconf 81' lang='lat' dir='ltr'>soen</span> <span class='ocrx_word' id='word_1_293' title='bbox 658 3820 695 3891; x_wconf 89' lang='lat' dir='ltr'>in</span> <span class='ocrx_word' id='word_1_294' title='bbox 730 3813 919 3914; x_wconf 83' lang='lat' dir='ltr'>Weydutn</span> <span class='ocrx_word' id='word_1_295' title='bbox 979 3813 1082 3913; x_wconf 86' lang='lat' dir='ltr'>O&#39;ege</span> <span class='ocrx_word' id='word_1_296' title='bbox 1123 3836 1239 3892; x_wconf 89' lang='lat' dir='ltr'>autern</span> <span class='ocrx_word' id='word_1_297' title='bbox 1272 3813 1379 3894; x_wconf 88' lang='lat' dir='ltr'>frater</span> <span class='ocrx_word' id='word_1_298' title='bbox 1409 3815 1490 3890; x_wconf 80' lang='lat' dir='ltr'>Lou</span> <span class='ocrx_word' id='word_1_299' title='bbox 1524 3815 1593 3918; x_wconf 79' lang='lat' dir='ltr'>line</span> <span class='ocrx_word' id='word_1_300' title='bbox 1616 3821 1736 3894; x_wconf 76' lang='lat' dir='ltr'>liberio</span> 
     </span>
     <span class='ocr_line' id='line_1_35' title="bbox 370 3907 1736 4010; baseline 0.001 -24"><span class='ocrx_word' id='word_1_301' title='bbox 370 3922 507 3986; x_wconf 65' lang='lat' dir='ltr'>armu-</span> <span class='ocrx_word' id='word_1_302' title='bbox 542 3915 641 3986; x_wconf 90' lang='lat' dir='ltr'>obiit.</span> <span class='ocrx_word' id='word_1_303' title='bbox 699 3907 807 3986; x_wconf 66' lang='lat' dir='ltr'>illias</span> <span class='ocrx_word' id='word_1_304' title='bbox 845 3933 961 3985; x_wconf 88' lang='lat' dir='ltr'>autem</span> <span class='ocrx_word' id='word_1_305' title='bbox 995 3911 1106 3985; x_wconf 79' lang='lat' dir='ltr'>Broer</span> <span class='ocrx_word' id='word_1_306' title='bbox 1141 3912 1347 4010; x_wconf 78' lang='lat' dir='ltr'>Bornminga</span> <span class='ocrx_word' id='word_1_307' title='bbox 1379 3917 1555 3987; x_wconf 85' lang='lat' dir='ltr'>maritatas</span> <span class='ocrx_word' id='word_1_308' title='bbox 1590 3915 1736 4010; x_wconf 87' lang='lat' dir='ltr'>reliquit</span> 
     </span>
    </p>
   </div>
   <div class='ocr_carea' id='block_1_11' title="bbox 367 4004 1887 4108">
    <p class='ocr_par' dir='ltr' id='par_1_13' title="bbox 367 4004 1887 4108">
     <span class='ocr_line' id='line_1_36' title="bbox 367 4004 1887 4108; baseline 0.005 -28"><span class='ocrx_word' id='word_1_309' title='bbox 367 4021 406 4080; x_wconf 70' lang='lat' dir='ltr'>t·</span> <span class='ocrx_word' id='word_1_310' title='bbox 432 4015 502 4058; x_wconf 71' lang='lat'>&#39;⁶³⁰&#39;</span> <span class='ocrx_word' id='word_1_311' title='bbox 543 4011 628 4082; x_wconf 80' lang='lat' dir='ltr'>duas</span> <span class='ocrx_word' id='word_1_312' title='bbox 651 4009 818 4082; x_wconf 77' lang='lat' dir='ltr'>videlieet</span> <span class='ocrx_word' id='word_1_313' title='bbox 842 4004 1020 4082; x_wconf 84' lang='lat' dir='ltr'>Rintziam</span> <span class='ocrx_word' id='word_1_314' title='bbox 1043 4031 1186 4106; x_wconf 81' lang='lat' dir='ltr'>nuptam</span> <span class='ocrx_word' id='word_1_315' title='bbox 1210 4005 1469 4108; x_wconf 82' lang='lat' dir='ltr'>VigleHanya</span> <span class='ocrx_word' id='word_1_316' title='bbox 1491 4030 1637 4084; x_wconf 87' lang='lat' dir='ltr'>matrem</span> <span class='ocrx_word' id='word_1_317' title='bbox 1662 4011 1736 4086; x_wconf 80' lang='lat' dir='ltr'>ldae</span> <span class='ocrx_word' id='word_1_318' title='bbox 1885 4057 1887 4106; x_wconf 76' lang='lat'><strong>;</strong></span> 
     </span>
    </p>
   </div>
   <div class='ocr_carea' id='block_1_12' title="bbox 350 4080 1828 4417">
    <p class='ocr_par' dir='ltr' id='par_1_14' title="bbox 350 4080 1887 4417">
     <span class='ocr_line' id='line_1_37' title="bbox 350 4080 1749 4231; baseline 0.003 -52"><span class='ocrx_word' id='word_1_319' title='bbox 350 4171 354 4179; x_wconf 91' lang='lat'><em>.</em></span> <span class='ocrx_word' id='word_1_320' title='bbox 366 4080 479 4231; x_wconf 37' lang='grc' dir='ltr'>ἔξω</span> <span class='ocrx_word' id='word_1_321' title='bbox 542 4103 693 4200; x_wconf 82' lang='lat' dir='ltr'>Hanyae.</span> <span class='ocrx_word' id='word_1_322' title='bbox 743 4101 898 4180; x_wconf 83' lang='lat' dir='ltr'>Alteram</span> <span class='ocrx_word' id='word_1_323' title='bbox 923 4102 1052 4178; x_wconf 79' lang='lat' dir='ltr'>uittam</span> <span class='ocrx_word' id='word_1_324' title='bbox 1075 4105 1184 4200; x_wconf 81' lang='lat' dir='ltr'>Jauck</span> <span class='ocrx_word' id='word_1_325' title='bbox 1215 4127 1358 4201; x_wconf 88' lang='lat' dir='ltr'>nuptam</span> <span class='ocrx_word' id='word_1_326' title='bbox 1385 4102 1504 4180; x_wconf 70' lang='lat' dir='ltr'>Heliel</span> <span class='ocrx_word' id='word_1_327' title='bbox 1533 4097 1643 4202; x_wconf 81' lang='lat' dir='ltr'>Esges</span> <span class='ocrx_word' id='word_1_328' title='bbox 1675 4109 1749 4183; x_wconf 88' lang='lat' dir='ltr'>Al·-</span> 
     </span>
     <span class='ocr_line' id='line_1_38' title="bbox 541 4201 1828 4298; baseline 0.002 -22"><span class='ocrx_word' id='word_1_329' title='bbox 541 4201 673 4284; x_wconf 78' lang='lat' dir='ltr'>badae,</span> <span class='ocrx_word' id='word_1_330' title='bbox 709 4223 753 4278; x_wconf 87' lang='lat' dir='ltr'>ex</span> <span class='ocrx_word' id='word_1_331' title='bbox 771 4223 842 4295; x_wconf 89' lang='lat' dir='ltr'>qua</span> <span class='ocrx_word' id='word_1_332' title='bbox 859 4201 1048 4296; x_wconf 84' lang='lat' dir='ltr'>progenuit</span> <span class='ocrx_word' id='word_1_333' title='bbox 1064 4201 1138 4287; x_wconf 87' lang='lat' dir='ltr'>At,</span> <span class='ocrx_word' id='word_1_334' title='bbox 1170 4223 1249 4298; x_wconf 83' lang='lat' dir='ltr'>quae</span> <span class='ocrx_word' id='word_1_335' title='bbox 1268 4225 1315 4277; x_wconf 90' lang='lat' dir='ltr'>nu</span> <span class='ocrx_word' id='word_1_336' title='bbox 1343 4223 1379 4276; x_wconf 85' lang='lat' dir='ltr'>ta</span> <span class='ocrx_word' id='word_1_337' title='bbox 1403 4201 1470 4275; x_wconf 86' lang='lat' dir='ltr'>fuit</span> <span class='ocrx_word' id='word_1_338' title='bbox 1492 4201 1646 4276; x_wconf 84' lang='lat' dir='ltr'>Thomae</span> <span class='ocrx_word' id='word_1_339' title='bbox 1665 4225 1737 4278; x_wconf 85' lang='lat' dir='ltr'>van</span> <span class='ocrx_word' id='word_1_340' title='bbox 1820 4278 1828 4288; x_wconf 71' lang='grc'><strong>,</strong></span> 
     </span>
     <span class='ocr_line' id='line_1_39' title="bbox 366 4227 1735 4417; baseline 0 -45"><span class='ocrx_word' id='word_1_341' title='bbox 366 4273 470 4417; x_wconf 56' lang='lat' dir='ltr'>m.</span> <span class='ocrx_word' id='word_1_342' title='bbox 541 4297 695 4394; x_wconf 88' lang='lat' dir='ltr'>Heyden</span> <span class='ocrx_word' id='word_1_343' title='bbox 719 4295 917 4372; x_wconf 88' lang='lat' dir='ltr'>Secretario</span> <span class='ocrx_word' id='word_1_344' title='bbox 942 4294 1001 4370; x_wconf 89' lang='lat' dir='ltr'>seu</span> <span class='ocrx_word' id='word_1_345' title='bbox 1024 4295 1147 4372; x_wconf 85' lang='lat' dir='ltr'>scribae</span> <span class='ocrx_word' id='word_1_346' title='bbox 1172 4299 1284 4373; x_wconf 77' lang='lat' dir='ltr'>Ducis</span> <span class='ocrx_word' id='word_1_347' title='bbox 1310 4227 1500 4382; x_wconf 63' lang='lat' dir='ltr'>immae,</span> <span class='ocrx_word' id='word_1_348' title='bbox 1533 4299 1594 4394; x_wconf 90' lang='lat' dir='ltr'>qni</span> <span class='ocrx_word' id='word_1_349' title='bbox 1621 4295 1735 4374; x_wconf 86' lang='lat' dir='ltr'>filium</span> 
     </span>
    </p>
   </div>
   <div class='ocr_carea' id='block_1_13' title="bbox 366 4371 1887 4566">
    <p class='ocr_par' dir='ltr' id='par_1_15' title="bbox 366 4371 1887 4566">
     <span class='ocr_line' id='line_1_40' title="bbox 366 4371 1887 4566; baseline -0.014 -84"><span class='ocrx_word' id='word_1_350' title='bbox 366 4449 418 4513; x_wconf 65' lang='grc' dir='ltr'>μ,</span> <span class='ocrx_word' id='word_1_351' title='bbox 459 4373 502 4420; x_wconf 72' lang='lat'>‘⁸&#39;</span> <span class='ocrx_word' id='word_1_352' title='bbox 537 4395 682 4498; x_wconf 79' lang='lat' dir='ltr'>reliquit</span> <span class='ocrx_word' id='word_1_353' title='bbox 706 4413 981 4478; x_wconf 77' lang='lat' dir='ltr'>commorantem</span> <span class='ocrx_word' id='word_1_354' title='bbox 1007 4389 1139 4496; x_wconf 70' lang='lat' dir='ltr'>utpute</span> <span class='ocrx_word' id='word_1_355' title='bbox 1158 4393 1547 4495; x_wconf 66' lang='lat' dir='ltr'>miraculorum</span> <span class='ocrx_word' id='word_1_356' title='bbox 1573 4391 1739 4566; x_wconf 56' lang='lat' dir='ltr'>Hm</span> <span class='ocrx_word' id='word_1_357' title='bbox 1886 4371 1887 4394; x_wconf 77' lang='lat'><em>²</em></span> 
     </span>
    </p>
   </div>
   <div class='ocr_carea' id='block_1_14' title="bbox 0 0 1972 5192">
    <p class='ocr_par' dir='ltr' id='par_1_16' title="bbox 0 0 1972 5192">
     <span class='ocr_line' id='line_1_41' title="bbox 0 0 1972 5192; baseline 0 3"><span class='ocrx_word' id='word_1_358' title='bbox 0 0 1972 5192; x_wconf 95' lang='lat' dir='ltr'> </span> 
     </span>
    </p>
   </div>
  </div>
 </body>
</html>
