3934 5192
541 497 592 587 18
706 476 1619 586 VIT-A·'V1-G‹-L-11

539 676 679 769 cilium,
701 674 972 773 decidendisqoe
1000 671 1267 763 mutroverflir,
1293 697 1372 773 quac
1398 672 1584 771 ingolstadii
1604 673 1653 749 ad
1669 671 1758 751 Da-

539 776 650 851 caiem
744 774 749 785 '
773 774 917 849 'donem
942 772 1191 871 pertinebant,
1214 795 1295 849 cora
1319 773 1399 849 aliis
1420 770 1638 865 Coufibatiie
1658 793 1760 867 prae‘·

538 868 637 947 fecit.
733 889 996 965 oneratumque
1025 866 1101 965 ejus
1131 870 1344 945 auditorium
1376 892 1471 945 anno
1504 890 1608 961 1541.
1643 868 1758 946 multi

539 964 719 1045 dodiiliitui
766 966 966 1061 amarante
984 964 1075 1057 viri,
1098 964 1160 1062 qui
1182 965 1228 1041 ad
1244 964 1398 1041 Comitia
1419 966 1621 1063 Imperialia
1636 962 1756 1060 profi-

408 1116 411 1130 ι
539 1062 709 1175 distentet
723 988 854 1141 ibidem
870 1058 1072 1138 ornabant
1123 1060 1230 1139 Circa
1245 1061 1340 1175 idem
1361 1083 1480 1140 auam
1494 1084 1635 1159 tempm
1657 1060 1754 1137 sere·

539 1157 614 1235 nris.
633 1154 872 1237 Romanorumn
896 1155 977 1233 Rex
998 1157 1216 1233 Fodirardur
1234 1180 1309 1255 qut
1329 1154 1424 1233 fami
1448 1179 1633 1256 permotus
1651 1157 1756 1237 Con·

541 1255 659 1335 fabarii
684 1255 839 1351 diploma
868 1248 928 1331 seu
957 1252 1147 1333 -codicillor
1177 1255 1231 1331 illi
1256 1254 1382 1351 sponte
1406 1252 1618 1343 transmisit,
1657 1277 1754 1352 prae·
1841 1253 1845 1266 '

540 1352 714 1447 dansque
750 1351 885 1449 aliquot
915 1350 1113 1447 privilegii·
1145 1348 1302 1427 donavit.
1358 1350 1466 1427 Anno
1499 1374 1616 1427 autem
1653 1372 1756 1443 1540

542 1469 652 1534 cum,
691 1448 741 1527 ob
766 1447 900 1541 pestem
929 1446 1115 1543 ingolstadii
1185 1445 1378 1539 affantem,
1424 1444 1645 1525 Univerfitaa
1677 1448 1753 1523 stu·

542 1540 719 1622 diosorum
751 1546 887 1619 Rar’rom
923 1545 1032 1635 (3),
1082 1545 1294 1639 oppidulum
1324 1544 1482 1621 vicinum
1515 1548 1749 1644 commigrar-

238 1676 242 1683 ·
369 1664 492 1745 mg„
543 1640 639 1727 sent,
664 1659 774 1717 totam
786 1639 835 1715 ibi
851 1634 920 1713 una
942 1636 1017 1735 egit
1040 1639 1200 1716 aestatem
1251 1640 1472 1717 accumibi
1491 1643 1649 1736 eripede
1667 1638 1753 1720 satir

235 1809 240 1819 ,
368 1746 513 1821 autgerus
544 1734 742 1835 periculose
771 1736 978 1821 laboraret,
1009 1736 1167 1811 Antonias
1192 1738 1213 1778 *
1239 1737 1411 1812 Fautinur
1438 1740 1473 1811 ei
1495 1735 1688 1833 persuasit,
1708 1758 1754 1823 or

544 1830 725 1929 Argilium
745 1832 791 1907 ad
811 1829 845 1907 se
871 1831 1026 1916 veniret,
1054 1831 1116 1906 ubi
1140 1834 1338 1925 peritorum
1366 1832 1613 1929 chirurgorutn
1640 1826 1752 1930 operi
1827 1846 1836 1854 ’

542 1926 594 2005 sat
611 1927 762 2005 feliciter
786 1927 939 2022 pristina
964 1928 1161 2004 valetudini
1185 1930 1361 2003 restitutos
1385 1926 1465 2005 fuit.
1512 1927 1615 2006 Toto
1631 1950 1753 2007 autem

543 2047 724 2121 tempore,
748 2046 821 2120 quo
837 2020 1023 2119 Ingrlsladr‘r‘
1037 2024 1234 2112 habitavit,
1254 2024 1411 2119 Jucunde
1425 2027 1616 2107 admodum
1635 2026 1753 2104 vitam

490 2144 494 2151 ·
543 2120 732 2217 transegit,
755 2140 958 2199 nontamen
984 2115 1055 2195 stne
1082 2122 1216 2213 magnis
1236 2121 1427 2195 studiorum
1441 2122 1646 2208 laboribus,
1671 2143 1755 2217 pax·

544 2220 608 2294 tim
625 2240 665 2293 ut
685 2216 901 2294 auditoribus
919 2212 990 2291 suia
1004 2213 1243 2302 satisfaceret,
1266 2218 1394 2311 partim
1409 2218 1520 2306 verb,
1544 2240 1584 2295 ut
1601 2219 1646 2293 de
1664 2240 1754 2293 con-

521 2311 737 2389 -ttoversris-
752 2311 821 2387 suis
857 2312 954 2388 iilum
982 2309 1241 2387 consulentibus
1270 2310 1527 2408 responderett
1570 2334 1677 2413 atque
1707 2312 1755 2389 ab

544 2406 765 2485 Ductoribus
787 2409 911 2483 ceteris
936 2411 1010 2481 e'us
1035 2406 1235 2481 Academiae
1260 2412 1370 2483 muita
1395 2412 1429 2483 ei
1452 2412 1616 2485 amicitiae
1633 2407 1753 2487 officia

543 2503 833 2589 intercesserunt,
869 2431 1060 2601 proderem
1084 2524 1199 2577 autem
1229 2526 1311 2577 cum
1336 2506 1465 2599 Joonnc
1492 2506 1587 2581 Eccio
1614 2509 1689 2600 (4)
1710 2527 1753 2581 ac

544 2600 707 2676 errarda
730 2600 917 2697 Marflalltr
948 2602 1016 2690 (5)
1043 2596 1259 2695 Theologis,
1292 2622 1334 2675 ac
1357 2601 1508 2695 Wgr'loo,
1521 2601 1636 2675 Hundt
1676 2602 1755 2693 (ὁ)

544 2694 802 2789 Jutirconsuito
823 2744 836 2782 ,
884 2692 1082 2771 suavissimis
1106 2718 1148 2769 ac
1171 2695 1258 2770 verd
1283 2696 1457 2790 generose
1480 2684 1637 2778 mbribos
1663 2704 1766 2794 prro*

544 2796 633 2869 dito.
681 2790 836 2865 Funiius
853 2790 902 2865 est
917 2808 1031 2863 autem
1054 2794 1092 2865 in
1110 2815 1152 2866 ea
1169 2792 1358 2893 Academia
1376 2790 1556 2870 Resioraii
1580 2793 1755 2893 potestate
1786 2870 1790 2875 ,

547 2891 621 2981 (7)
644 2910 686 2961 ac
705 2886 876 2963 Decanaii
895 2884 1065 2981 dignitate
1083 2883 1245 2980 Jutidicae
1265 2886 1471 2968 Facultatis.
1523 2963 1527 2971 ,
1722 2930 1728 2939 -

597 2980 797 3057 XXXVIII.
823 2980 915 3055 Duae
931 3002 1048 3057 autem
1066 2983 1117 3054 illi
1143 2984 1217 3057 illic
1237 2984 1397 3062 existenti
1420 2986 1641 3061 conditiones
1659 3004 1756 3057 cum·

546 3074 1162 3271 libililldililtbilia
1188 3076 1757 3269 ”niuibffiii‘iirimii‘
1815 3183 1819 3187 ·

1173 3222 1184 3258 ‚
1738 3212 1754 3230 .

546 3272 749 3367 plicatoque
777 3270 951 3364 stipendio
983 3270 1188 3363 pertrahere
1214 3270 1392 3347 nitebatur
1424 3275 1460 3349 in
1497 3270 1592 3344 suam
1618 3267 1759 3346 Acade·

548 3368 652 3445 uriam
672 3364 953 3460 Frrucsordr'atum
971 3367 1015 3435 ad
1031 3365 1170 3465 Oderunt
1189 3361 1361 3453 fluvium,
1385 3388 1426 3444 ut
1440 3366 1513 3441 illic
1526 3370 1586 3462 ius
1604 3364 1755 3460 prolite-
1879 3409 1880 3412 κ

548 3484 667 3545 retur,
692 3484 769 3534 ata
788 3458 937 3535 confiIiit
959 3458 1027 3533 suae
1047 3457 1271 3533 Celfitudinis
1290 3462 1394 3550 esset,
1420 3486 1501 3537 cum
1518 3484 1574 3535 rer
1590 3460 1760 3556 deposce·

550 3581 615 3631 ret.
664 3556 797 3630 Verium
820 3557 856 3629 in
873 3556 1025 3627 animum
1041 3552 1139 3627 suurn
1162 3580 1340 3652 nunquam
1357 3558 1525 3637 inducere
1547 3560 1693 3652 potuit,
1719 3580 1763 3634 ut

550 3656 594 3725 ed
614 3654 849 3737 concederet,
872 3650 932 3721 ubi
947 3648 1086 3743 Religio
1097 3650 1282 3727 Catholica
1289 3655 1360 3748 jam
1368 3654 1543 3729 labascere
1560 3653 1764 3747 incipiebat·

598 3747 759 3821 XXXIX.
786 3748 904 3818 Altera
929 3746 1018 3816 verb
1043 3744 1087 3818 ab
1110 3744 1246 3821 caesare
1273 3752 1379 3823 Carrio
1401 3750 1448 3825 V.
1469 3749 1534 3843 qui
1555 3771 1637 3823 curu
1664 3749 1761 3845 apud

550 3845 756 3924 Ratirborarrr
774 3840 928 3915 Comitia
945 3838 1122 3933 Ordinum
1139 3840 1284 3935 Imperii
1308 3868 1400 3919 anno
1427 3865 1516 3938 1541
1546 3844 1761 3929 celebraret,
1869 3876 1875 3891 ·

553 3950 596 4011 ac'
609 3962 725 4046 ‘opera
743 3936 1063 4045 Vite-Canceliarii
1089 3934 1139 4011 soi
1159 3935 1328 4028 Doiioris
1355 3945 1428 4031 (1)
1453 3942 1612 4024 Muttito
1633 3941 1764 4029 Heldt,

551 4032 1765 4227 ll„titillabitltiilrtirzrltili[statilia

550 4223 712 4320 Majestas
744 4224 803 4301 sua
834 4226 1022 4321 aliquando
1054 4228 1099 4300 ad
1128 4227 1297 4319 judicium
1323 4228 1481 4300 Caruere
1511 4249 1767 4321 promoverat,

542 4344 590 4407 ¹ac
615 4321 733 4422 postea
755 4324 892 4419 aliquot
913 4346 1024 4407 annos
1052 4321 1294 4402 inAcademia
1314 4319 1551 4421 ingolstadierfi
1568 4328 1625 4421 jur
1647 4324 1764 4495 0ὲῖἕὲ

1617 4441 1663 4516 1³¹
1739 4457 1753 4473 ·
