3934 5192
337 503 415 592 ii
451 489 752 592 niuniu
787 484 1243 592 zuiciiiiiii.
1335 531 1421 622 213

197 687 356 771 Diuum
371 687 732 768 communiam
745 689 929 788 utrimque
947 691 1036 790 jurii
1059 692 1256 772 Doctorem
1280 693 1320 772 ἃ
1342 692 1421 787 Pri·
1533 753 1538 768 .

195 793 371 868 manum
400 783 632 862 professorem
658 788 746 882 jurii
772 787 888 864 civilis
916 789 954 863 in
981 791 1157 868 academia
1187 791 1437 886 Lovauienli,·

198 887 252 962 ἀ
285 909 369 960 cum
390 887 446 957 his
467 881 687 957 secretarium
709 906 825 958 meum
851 885 1029 960 Cornelium
1052 889 1205 981 Bt'cyilil,
1230 885 1279 963 sic
1300 910 1425 964 tamen.

196 986 314 1082 quod
335 1003 411 1055 uno
439 981 595 1054 alterove
621 978 795 1058 dictorum
817 1003 972 1056 meorum
998 1005 1224 1057 executurum
1250 984 1418 1060 desunllo

198 1098 279 1155 aut
301 1079 405 1152 aliter
428 1073 616 1170 impedito,
639 1077 767 1172 reliqui
787 1075 912 1174 possint
934 1079 1178 1154 executionem
1202 1081 1306 1177 hujus
1331 1105 1416 1155 meae

200 1175 413 1265 voluntaria
429 1173 521 1244 adim
547 1172 638 1257 lere,
662 1175 812 1270 legoque
827 1195 871 1248 eo
889 1177 1031 1248 nomine
1042 1173 1183 1271 singulis
1201 1179 1292 1250 ultra
1310 1179 1415 1250 ratio·

198 1273 370 1351 nabilem
387 1289 506 1343 toxam
519 1192 652 1379 salarii,
674 1290 744 1364 pro
761 1269 806 1342 iis
822 1269 946 1344 diebus
965 1271 1093 1365 quibui
1114 1273 1152 1344 in
1164 1274 1314 1369 negotiis
1334 1297 1414 1349 exe·

199 1370 399 1447 cntionem
413 1363 608 1438 testamenn
619 1367 690 1438 mei
698 1362 1005 1454 concernentibus,
1029 1369 1223 1452 vacabunt,
1241 1367 1414 1466 scyphum

202 1469 423 1542 deauratum
445 1462 576 1536 valoris
594 1483 735 1536 centum
752 1459 989 1549 florenorum,
1013 1485 1142 1560 eosque
1165 1487 1275 1560 rogo,
1300 1487 1416 1538 utine

203 1581 359 1638 mortuo
374 1556 615 1632 testamentum
630 1557 701 1630 hoc
717 1580 832 1632 meum
847 1560 1104 1654 quamprimum
1120 1561 1322 1655 publicari,
1341 1583 1417 1632 oni·
1518 1558 1524 1566 '

203 1663 346 1754 niaque
366 1657 404 1727 in
430 1674 475 1726 eo
500 1673 668 1727 contenta
693 1655 892 1728 executioni
915 1656 1078 1730 mandare
1099 1681 1171 1729 non
1197 1679 1417 1751 graventur,

206 1759 253 1829 r'n
271 1759 321 1828 lii
333 1771 404 1826 otro
422 1771 489 1843 quc
496 1753 653 1843 pertinent
671 1751 714 1822 ud
731 1748 886 1844 cctlufiam
906 1746 1141 1844 &Capitulum
1161 1753 1225 1826 Sti.
1246 1757 1388 1826 Bououir
1400 1805 1417 1838 ,

209 1850 304 1927 dieii
318 1847 435 1920 Dnus.
457 1845 614 1918 Caruilius
632 1843 769 1939 Sfolderi
789 1844 830 1920 lli
844 1847 1002 1920 Heurirut
1017 1849 1069 1918 iis
1089 1849 1224 1922 Muretu
1245 1849 1417 1942 praefatos.
1493 1919 1495 1928 ,

209 1944 410 2022 Doelooem
432 1944 608 2017 Bucinum
627 1942 925 2016 Aichidiaconum
935 1941 1134 2037 iprensem,
1161 1939 1199 2016 ἃ
1215 1944 1268 2017 Μ.
1286 1943 1415 2016 Folcar·

209 2046 289 2118 dum
316 2035 549 2135 Praepositnm
574 2035 841 2114 Bethuniensem
871 2059 1034 2134 nepotem
1064 2035 1103 2110 ἃ
1132 2038 1272 2112 fratrem
1294 2063 1418 2125 meos,

88 2130 89 2171 i
211 2143 391 2233 dillaeque
407 2131 559 2208 occiefiae
576 2132 639 2210 Sti.
658 2131 812 2208 Bavonis
834 2133 1031 2210 Gaudenfis
1049 2133 1272 2224 Canonicos,
1299 2139 1411 2230 requi-

208 2261 291 2312 rere
361 2247 564 2398 teruntfibut
582 2226 666 2324 ipss
688 2251 828 2398 ⁰QO
847 2227 1060 2306 alistentiam
1076 2231 1281 2327 piaebeaut,
1314 2234 1415 2328 quod

209 2325 1122 2518 eofflepltlerposppetppppspworpssspiopptderpaoem
1142 2442 1212 2495 tam
1231 2423 1414 2498 horedum

86 2516 87 2532 '
207 2523 486 2606 uifflnuonem,
510 2540 614 2615 quam
634 2540 750 2595 cetera
767 2520 806 2592 in
831 2520 902 2592 hoc
924 2517 1129 2594 testamento
1153 2515 1315 2615 disposita
1344 2543 1412 2614 per

209 2621 308 2696 aliud
337 2616 479 2693 solenne
510 2614 752 2688 testamentum
785 2615 976 2688 revocandi
993 2677 998 2688 ,
1014 2613 1247 2702 mutandive,
1289 2619 1411 2706 adhaec

85 2719 87 2735 '
207 2740 281 2816 per
297 2713 509 2799 codicillos,
543 2729 603 2784 aut
627 2710 692 2785 sub
716 2708 864 2805 simplici
881 2731 1003 2784 manus
1028 2733 1114 2786 meae
1138 2711 1411 2807 subscriptione,

207 2815 375 2911 quedam
397 2811 533 2886 leviora
555 2808 594 2879 in
612 2808 671 2881 hie
692 2826 860 2880 contenta
888 2806 1107 2904 declarapdi,
1133 2803 1171 2881 ἃ
1198 2809 1316 2882 amicis
1339 2809 1409 2882 ser-

206 2908 457 3002 vitoribusque
478 2903 650 2978 nonnulla
667 2901 891 2999 mnemosyni
911 2905 1119 2997 elargiendi,
1146 2925 1222 2998 quae
1247 2927 1313 2999 per
1331 2927 1409 2980 exe·

83 3088 85 3108 ¹
206 3027 352 3081 cutoree
377 3025 475 3076 meos
497 3022 570 3074 non
590 3001 706 3073 minut
728 2998 833 3094 quim
852 2998 878 3072 si
897 3000 933 3071 in
951 3001 1021 3072 hoc
1038 3001 1239 3074 testamento
1256 3023 1334 3073 meo
1351 3023 1408 3074 εκ-

205 3099 323 3200 preffa
342 3097 470 3187 client,
492 3096 648 3192 praestari
669 3098 765 3171 volo.
815 3091 931 3170 uiuum
950 3094 1109 3172 Brixello
1135 3119 1215 3172 unito
1240 3119 1261 3166 a
1290 3099 1407 3168 natiui-

207 3215 277 3271 τοτε
297 3198 429 3271 Domini
449 3191 604 3286 millesono
626 3187 1100 3287 quingenusoioseptuigifimi
1113 3189 1271 3285 septimo,
1297 3189 1407 3284 ounfis

206 3293 329 3368 Martii·
353 3291 548 3367 diedecima
573 3303 704 3384 quarta.

480 3467 526 3535 Et
545 3486 610 3554 ego
630 3467 839 3535 Vicinus
868 3465 1150 3534 Zuicir-uiuus
1175 3481 1228 3530 aa
1251 3463 1404 3530 Airai

532 3567 654 3620 manus
680 3568 768 3616 meae
794 3549 1044 3633 subscriptione
1072 3547 1109 3614 δι
1137 3547 1233 3632 sigilli
1255 3549 1324 3612 mei
1345 3563 1406 3630 ap·

532 3634 697 3721 pensione
717 3633 881 3710 declaro,
913 3633 984 3698 hoc
1001 3631 1118 3698 libello
1139 3630 1301 3697 mandato
1325 3649 1404 3696 meo

533 3737 603 3803 per
626 3717 778 3802 Joonnem
805 3714 987 3783 Kurrnioluer
1013 3715 1057 3781 de
1086 3713 1289 3811 Ordeghem·
1313 3731 1405 3779 aina*

535 3803 699 3870 nuensem
727 3819 843 3868 meum
872 3798 1009 3867 conseri
1034 3813 1073 3866 to
1105 3799 1278 3866 contineri
1305 3795 1406 3864 testae

534 3899 692 3952 mentum
720 3884 758 3952 δι
784 3885 943 3952 ultimam·
959 3817 1177 3951 vosiintatem
1198 3899 1320 3950 meam.
1361 3881 1404 3948 In

533 3970 634 4054 tulus
653 3967 705 4036 rei
724 3968 828 4036 fidem
850 3983 937 4054 rogo
956 3965 1063 4035 tester
1078 3964 1345 4054 infrascriptos,
1365 3977 1410 4031 ut-

529 4051 736 4198 praedistum
758 4051 1000 4121 testamentum
1013 4047 1079 4116 suis
1094 4068 1230 4133 quoque
1244 4067 1314 4115 una
1329 4048 1407 4116 sul>-

545 4135 773 4220 criptiooibus
805 4135 986 4219 sigillisque
1015 4133 1231 4205 communire
1261 4133 1406 4220 dignen·

533 4231 602 4288 tun
621 4218 681 4286 Sic
700 4218 947 4304 subscriptum:
970 4217 1182 4284 Vioiws
1204 4217 1407 4284 Zuiciiu·

528 4301 816 4470 ”usgqffifflfi'
856 4302 902 4370 Et
924 4300 1044 4368 adhuc·
1067 4297 1298 4385 subscriptum
1330 4311 1405 4366 erat
1468 4435 1472 4442 .

532 4397 573 4453 ut
720 4437 846 4544 ..Dd
870 4468 930 4566 δ’
1002 4525 1004 4532 ,
1320 4462 1410 4540 Nor.
