3934 5192
403 478 488 583 ,u
523 450 808 580 AYTTA
848 447 1285 591 Z'UchllMl
1402 486 1461 599 aa

235 648 563 735 „berispraestitit,
584 648 677 732 idem
690 649 728 719 tir
741 647 1339 737 egofaeerealiquandocogitarem.
1366 650 1459 733 Com

246 736 396 822 „igitur
423 734 550 803 fratres
569 730 772 826 sororesque
793 727 940 825 babeam
960 734 1071 818 ampla
1089 732 1206 807 sobole
1227 736 1461 817 abundantes,

244 824 276 907 „¹
289 820 349 903 qui
363 837 420 888 me
435 819 563 893 debitae
603 819 717 900 ieratis
733 816 771 885 de
791 830 925 901 patruae
939 818 1128 899 voluntatis
1146 818 1287 897 subinde
1304 838 1461 888 commo·-

242 944 270 979 „
289 920 396 980 nent,
417 902 496 987 post
515 837 660 972 mulsam
681 901 826 988 tandem
843 899 1127 995 deliberationem
1152 919 1207 969 me
1227 900 1330 971 semei
1352 906 1458 971 extri-

242 997 271 1070 „
288 989 395 1063 cavi,
431 986 613 1071 talibusque
635 986 710 1064 mibi
724 991 826 1053 vitam
844 986 956 1071 indixi.
999 984 1055 1051 Eo'
1097 983 1200 1061 asto,
1228 980 1458 1061 &ambitioni

239 1085 270 1157 ·,,
288 1071 328 1139 dr
351 1089 458 1157 opum
472 1068 757 1137 cumulandarum
774 1068 921 1137 naturali
936 1067 1049 1137 studio
1066 1084 1227 1147 raenum,
1247 1084 1287 1138 ut
1306 1072 1389 1137 mihi
1404 1074 1458 1139 vi:

240 1196 271 1231 „
288 1153 416 1231 detur,
434 1152 569 1231 facilius
583 1152 787 1238 injetlturus,
807 1149 888 1219 ctm
909 1152 952 1218 ad
963 1152 1236 1239 philosophicam
1253 1153 1340 1222 banc
1356 1168 1458 1223 tuen-

240 1245 270 1315 '‚',
287 1238 370 1307 dam
385 1240 494 1321 vitam
513 1239 633 1335 paucis
649 1236 753 1304 facile
773 1246 960 1310 contentus
981 1234 1047 1305 eise
1063 1252 1197 1319 queam.
1227 1238 1381 1305 Decrevi
1393 1240 1457 1327 igi·

240 1320 269 1407 ξ,
287 1337 346 1405 tur
364 1318 498 1393 haerere
513 1337 551 1390 ru
565 1320 784 1411 Academiis.
803 1316 1015 1389 &docendi
1031 1335 1174 1389 mouere
1192 1321 1340 1404 publicis
1351 1322 1458 1402 inser-

242 1443 272 1484 „
287 1407 367 1473 rire
387 1404 602 1482 commodis,
632 1422 674 1473 ac
691 1403 775 1479 dum
796 1420 924 1489 corpus
942 1402 1160 1480 &valetudo
1182 1407 1297 1500 operis
1318 1404 1455 1487 suflicit,
1545 1432 1551 1444 ·

239 1494 269 1576 ᾗ,
285 1487 456 1557 doctrinae
480 1490 566 1562 mihi
583 1488 719 1578 dividas
745 1487 977 1571 comparare,
1010 1486 1132 1578 quibus
1154 1486 1281 1559 derude
1303 1488 1456 1558 tenent*

238 1612 268 1662 ,s
285 1590 385 1652 tem,
405 1564 431 1641 si
449 1573 547 1641 Deus
567 1574 651 1647 olim
671 1570 895 1648 concesserit,
922 1570 1039 1644 mitius
1057 1571 1197 1652 foveam
1212 1618 1239 1651 ,,
1254 1588 1361 1661 eaque
1378 1592 1455 1658 qua

238 1696 268 1746 ,2
285 1677 384 1725 nunc
401 1656 525 1744 juveni
545 1657 711 1742 (annonam
727 1663 855 1742 triginta
871 1674 907 1721 oc
924 1654 1072 1738 ᾱιιοιιιιιι)
1096 1656 1302 1727 condere&
1324 1662 1454 1743 conges-¹

236 1746 268 1823 ᾗ,
285 1762 365 1811 rere
379 1741 503 1817 dmur,
524 1741 669 1809 meliore
690 1752 766 1807 tum
784 1735 917 1826 judicio
934 1739 1085 1807 adultior
1097 1739 1250 1825 digeram
1271 1756 1374 1825 atque
1392 1760 1454 1817 err·

241 1826 428 1911 „poliam
468 1824 587 1909 Itaque
610 1821 696 1889 mihi
740 1824 892 1908 'recipua
911 1840 1004 1890 nuuc
1028 1823 1064 1889 in
1091 1840 1134 1891 eo
1161 1840 1268 1907 opera
1290 1825 1452 1909 ponitur,

239 1948 267 1987 „
283 1923 327 1977 ut
343 1908 507 1995 praesenti
519 1907 693 1987 auditorio
743 1906 935 1983 tissaciam,
969 1924 1011 1977 ac
1027 1906 1122 1975 simul
1139 1906 1388 1978 ordinariarum
1402 1910 1453 1979 le·

236 1994 265 2071 ᾖ,
282 1992 438 2061 stiouum
454 1993 725 2060 commentarios
745 1993 965 2078 concipiam,
993 1991 1062 2059 stne
1079 2006 1194 2057 tamen
1209 1992 1320 2076 aliqua
1336 1991 1453 2061 adhuc

239 2077 415 2154 „edendi
427 2074 627 2154 anemone,
648 2094 749 2159 quam
762 2076 798 2143 in
819 2076 1005 2168 repetitam
1022 2074 1277 2158 praelectionem
1301 2075 1453 2147 reserva'·

239 2200 268 2238 „
285 2179 325 2229 re
339 2160 449 2228 malo:
471 2178 513 2227 ea
531 2158 684 2225 mihilon
709 2160 761 2226 ius
775 2158 941 2245 duratura
956 2158 1022 2234 else
1039 2158 1244 2243 persuadens
1257 2178 1333 2241 quae
1346 2158 1452 2229 serius
1466 2228 1470 2236 ,

237 2282 267 2329 u
283 2243 517 2312 maturescere
529 2241 651 2311 solent.
704 2243 754 2309 ibi
767 2261 872 2320 vero,
893 2259 1039 2327 patrone
1048 2242 1344 2326 incomparabilis,
1366 2261 1450 2339 quas

235 2348 266 2408 ι,
281 2346 437 2411 unquam
459 2324 579 2413 dignas
598 2344 699 2414 agere
714 2324 842 2411 gratias
856 2344 998 2423 queam,
1019 2327 1077 2411 qui
1096 2326 1273 2409 postquam
1292 2327 1449 2413 plurimis

237 2419 267 2491 '„
280 2412 320 2479 in
338 2430 396 2484 me
413 2408 591 2480 beneficiis
611 2421 726 2477 totum
742 2408 794 2477 tui
809 2412 895 2507 juris
909 2408 1041 2486 fecisti,
1062 2408 1318 2479 benevolentiae
1333 2424 1448 2478 tamen

232 2500 266 2573 3,
282 2508 355 2563 tuae
382 2492 518 2581 nullum
546 2492 690 2569 modum
715 2492 950 2580 constituens,
978 2492 1054 2579 post
1070 2495 1215 2577 primam
1233 2494 1319 2561 mihi
1333 2494 1391 2563 abs
1413 2508 1449 2563 te

239 2576 435 2661 „delatam
458 2572 716 2646 honestissimam
740 2578 998 2656 conditionem,
1020 2578 1132 2650 multo
1152 2583 1289 2661 quoque
1305 2578 1450 2663 amplio-

238 2663 266 2752 ᾗ,
283 2681 360 2730 rem
385 2659 502 2745 denuo
525 2658 651 2729 offerre
676 2678 748 2730 non
772 2653 976 2757 dedignatus
1001 2658 1117 2731 fueris.
1160 2660 1312 2745 Quando
1335 2676 1450 2731 autem

238 2746 355 2826 „mei
377 2744 485 2813 animi
505 2740 710 2813 senteutiam
731 2745 965 2830 ingenueubi
988 2743 1089 2829 sstpra
1109 2746 1248 2831 aperui,
1269 2744 1373 2813 ctiam
1397 2752 1451 2813 at'·

215 2866 268 2907 t„
283 2848 352 2913 que
366 2830 471 2897 etiam
482 2839 519 2895 te
535 2846 640 2924 rogo,
662 2844 708 2896 ne
720 2826 880 2926 aliorsum
893 2829 983 2898 hanc
1001 2846 1114 2898 meam
1130 2828 1382 2897 recusationem
1391 2846 1450 2897 ac·

229 2928 266 2992 ·„
282 2912 410 2998 cipias,
432 2929 502 2981 nec
520 2912 565 2980 de
586 2911 775 2981 rmmodrco
793 2931 874 2999 erga
890 2931 946 2979 me
969 2928 1086 2979 amore
1112 2926 1174 2979 tuo
1193 2912 1238 2979 ob
1260 2930 1335 2982 eam
1353 2914 1450 2997 quic·

236 3038 267 3073 „
306 3016 388 3065 uam
402 2997 576 3071 remittas,
596 2994 655 3063 sed
672 3014 728 3065 me
743 2994 878 3081 semper
892 2996 983 3063 inter
998 2996 1048 3061 tui
1063 2996 1209 3065 nominis
1225 2996 1452 3065 observantis-

233 3116 266 3160 ·„
344 3080 536 3157 oshabeas,
556 3080 659 3177 louge
671 3078 735 3145 ttbi
750 3080 818 3147 tuis
826 3080 981 3165 plurimis
990 3080 1119 3149 meritis
1128 3078 1249 3146 aritibs
1259 3079 1450 3157 astrictum,

239 3204 267 3244 „
282 3180 386 3247 quam
403 3164 428 3231 sr
445 3164 519 3231 solo
537 3161 707 3231 affinitatis
729 3162 872 3230 vinculo
894 3162 1064 3247 obligatus
1087 3162 1150 3251 tibi
1170 3162 1281 3231 essem.
1321 3162 1450 3247 Ampla

239 3286 267 3323 „
281 3264 371 3315 vero
388 3265 431 3315 ac
449 3245 626 3331 splendida
649 3260 708 3313 tua
727 3244 857 3312 suntin
883 3248 1010 3313 multos
1034 3245 1219 3321 beneficia,
1240 3246 1387 3313 maxima
1408 3264 1450 3313 ac

224 3326 268 3409 ·'„
282 3328 402 3398 divina
419 3332 576 3419 quaedam
595 3330 632 3395 in
654 3344 690 3397 te
715 3329 904 3414 ingeniine
926 3328 1128 3397 eruditionis
1148 3327 1339 3413 praestantia
1368 3346 1449 3397 cum

240 3452 267 3490 „
282 3412 414 3483 summa
427 3412 629 3481 auctoritate
650 3412 844 3511 coujuntia.
885 3411 943 3479 Ob
963 3432 1040 3496 quac
1057 3429 1127 3479 non
1143 3412 1315 3480 immerito
1329 3428 1363 3479 te
1377 3428 1448 3480 non
1518 3410 1522 3419 '

232 3500 267 3575 ·,,
282 3499 422 3566 nomine
441 3512 576 3567 tantum
589 3495 649 3563 sed
668 3515 705 3563 re
717 3496 788 3581 rpsa
807 3512 876 3563 tam
902 3514 981 3562 uam
997 3498 1100 3561 hemia
1120 3494 1301 3577 quemdam
1322 3512 1451 3563 morta-

238 3620 267 3660 „
282 3582 334 3649 les
351 3582 493 3667 plurimi
515 3593 728 3651 venerantur
752 3594 857 3664 atque
880 3516 1078 3663 suspiciunt.
1119 3578 1179 3647 Me
1203 3594 1319 3647 tamen
1341 3580 1393 3645 tui
1413 3582 1450 3646 in

236 3668 266 3743 ',‚
282 3684 342 3731 me
362 3666 488 3733 amoris
509 3664 719 3733 abundantia
736 3664 849 3731 multo
865 3664 1013 3730 maxime
1039 3661 1166 3741 afficit,
1187 3662 1223 3732 δι
1244 3680 1449 3747 quamquam

234 3789 266 3826 2,
283 3766 366 3818 cum
392 3750 523 3817 aliis'in
557 3748 740 3815 reserenda
767 3747 830 3815 tibi
857 3749 967 3833 gratia
992 3748 1088 3831 paria
1118 3748 1235 3815 facere
1261 3756 1449 3839 nequeam,

237 3871 266 3909 n
282 3846 424 3900 tuorum
449 3848 565 3903 tamen
587 3833 791 3905 meritorum
818 3832 1020 3898 memoriam
1045 3834 1227 3898 exanimo
1252 3850 1330 3897 meo
1355 3834 1451 3901 nulla

235 3917 357 3993 „dies
385 3916 529 3985 delebit.
568 3916 674 3985 Unde
698 3916 803 3982 etiam
827 3933 899 3981 non
930 3916 1109 3981 minimum
1136 3916 1220 3981 mihi
1240 3928 1451 3999 accepturus

240 4037 268 4079 „
282 3998 443 4068 solatium
459 4000 603 4077 videor,
622 3998 786 4083 fiquando
805 3998 1048 4083 philosophico
1065 3998 1147 4065 huic
1164 4016 1242 4064 meo
1260 4000 1449 4083 humilique

237 4084 268 4158 ·‚,
282 4084 435 4152 instituto
455 4082 838 4160 sortunainsultaverit,
861 4097 920 4150 tua
933 4082 1102 4148 videlicet
1116 4099 1184 4164 ope
1204 4080 1331 4149 licuisse
1343 4086 1449 4150 etiam

239 4170 269 4241 'n
282 4168 365 4235 milri
382 4167 525 4237 celsore
541 4170 656 4253 aliquo
672 4167 754 4234 loco
770 4162 884 4242 fuisse,
905 4165 965 4231 nifi
983 4165 1053 4231 hoc
1074 4163 1321 4231 scholasticum
1338 4166 1451 4252 inglo-

238 4286 268 4325 ι,
283 4252 441 4338 riumque
469 4253 581 4319 otium
606 4248 772 4337 praeserre
801 4248 997 4317 maluissem.
1037 4246 1093 4313 Tu
1117 4266 1206 4317 vero
1231 4248 1448 4333 amplissime,

238 4336 266 4416 'n
279 4335 444 4428 idemque
460 4337 546 4408 miti
564 4334 714 4409 maxime
729 4335 934 4488 Moecffas,
959 4330 1072 4419 quaeso
1092 4332 1132 4403 in
1149 4346 1290 4405 tuorum
1310 4352 1366 4399 me
1383 4342 1450 4397 uu-

277 4432 286 4444 ·
356 4422 368 4443 ·
430 4426 435 4431 ’
573 4465 578 4472 ·
887 4434 907 4485 a
1305 4452 1331 4493 „
1347 4432 1445 4485 mero
