3934 5192
531 586 593 708 ‘on
671 556 915 693 ,norm
951 604 1029 675 m
1065 552 1319 687 virm
1355 558 1626 697 vionti

531 766 561 856 ‘„
576 771 709 857 vilere,
731 796 773 845 ac
787 748 1085 927 curnsslr'aarcn'til'iris¹
1100 748 1223 844 'coram
1235 750 1454 873 praecipuum¹
1471 760 1767 875 luidrreii'cm-

528 878 561 939 ·,‚
576 863 697 947 pulum
716 861 820 930 semel
834 863 868 928 dr
895 863 1026 930 oluere.
1065 855 1145 949 Nec
1169 854 1271 949 antei
1285 862 1370 925 miln
1389 873 1480 943 certi
1494 870 1678 957 quicquam
1692 860 1766 927 fu-

536 987 560 1021 „
577 965 641 1030 per
659 948 726 1012 hac
746 966 783 1016 re
806 944 954 1013 statuere
974 947 1070 1013 iicet.
1112 943 1168 1011 De
1189 954 1266 1011 mea
1283 945 1469 1019 voluntate¹
1486 944 1579 1024 nth1i
1588 960 1676 1029 opus
1699 945 1765 1011 est

530 1071 561 1189 3:
577 1024 1367 1197 iiii{ilialiialii1ili{iiiiiiiiiii*¹
1382 1026 1605 1195 siringii&
1619 1029 1763 1181 iiii.

536 1196 651 1293 „iicit
665 1242 689 1293 ,ι
717 1195 860 1343 spesque
884 1214 978 1263 meas
997 1196 1133 1279 quasin
1155 1208 1191 1263 te
1211 1212 1438 1291 patronorum
1452 1212 1622 1290 'meorum
1641 1192 1761 1266 facile

536 1319 563 1355 „
578 1297 737 1365 principe
762 1298 805 1345 co
820 1280 950 1361 locatas
971 1278 1106 1363 semper
1130 1278 1260 1355 habui,
1283 1294 1365 1359 ,non
1389 1277 1516 1347 leviter
1538 1280 1759 1361 confirmat,

534 1402 562 1441 ,‚
572 1364 672 1533 lund
692 1378 763 1430 tam
787 1362 891 1443 aruae,
907 1362 1391 1441 necessitudinis'occaiionem
1412 1376 1482 1429 tam
1496 1362 1659 1429 'amanter
1673 1367 1762 1429 ru'r-

537 1484 563 1523 „
612 1443 770 1530 soffmos,
792 1463 929 1515 aecum
945 1461 1017 1515 tam
1037 1447 1145 1513 muita
1159 1458 1261 1515 antea
1279 1448 1314 1512 in
1336 1453 1467 1529 merua
1483 1444 1761 1535 extentbeneii-

536 1569 563 1606 ‚‚
579 1530 656 1609 cia,
678 1530 834 1598 eamdem
856 1548 936 1615 erga
954 1536 1123 1597 metuam
1142 1531 1360 1597 voluntatem
1375 1540 1580 1614 perpetuam
1595 1526 1672 1598 sore
1685 1532 1760 1599 be-

537 1614 616 1687 „ni
667 1614 673 1625 ‘
710 1632 766 1680 me
789 1617 983 1699 promittas.
1026 1611 1134 1699 Nullo
1163 1626 1279 1680 autem
1305 1613 1405 1711 patio
1437 1610 1680 1692 committam,
1709 1626 1764 1683 ut·

527 1711 563 1773 ’,,
578 1715 625 1762 ve
649 1696 722 1783 ipse
735 1696 818 1763 mihi
835 1696 991 1775 defuisse,
1011 1697 1070 1763 vel
1082 1708 1214 1783 tanturn
1236 1697 1319 1763 mihr
1341 1698 1562 1781 quocumque
1582 1697 1756 1782 obsequio

535 1780 780 1868 „demerendi
818 1795 979 1847 atronum
1000 1798 1022 1847 o
1047 1780 1298 1865 portunitatem
1317 1776 1519 1867 neglexisse,
1540 1776 1655 1847 videri
1668 1781 1756 1866 plis-

536 1904 563 1939 22
579 1862 637 1929 fim
640 1914 752 1935 .....
792 1799 847 1931 fix
875 1862 1006 1947 Iogolsio
1028 1870 1055 1928 io
1109 1862 1195 1931 ridie
1221 1863 1254 1932 S.
1279 1862 1399 1933 Thoana
1422 1860 1581 1947 Apostoli
1610 1880 1710 1949 1537.
1726 1866 1752 1898 ”

520 1944 594 2037 ‘Ex
607 1963 683 2013 tomo
711 1964 742 2029 3,
765 1964 801 2043 p,
820 1952 875 2017 60.
913 1948 1054 2039 Ututo
1091 1946 1183 2013 ciosa
1199 1946 1281 2030 sunt
1308 1944 1405 2033 Vigila·
1426 1945 1560 2027 verba,
1579 1950 1754 2017 animuin

533 2032 610 2117 eius
626 2030 668 2098 ab
689 2030 853 2099 affinitate
866 2030 924 2098 sna
939 2030 1095 2111 aversum
1113 2044 1183 2097 non
1198 2030 1319 2116 potuit⁴
1330 2048 1401 2097 non
1416 2043 1560 2117 cernere
1575 2018 1766 2119 Martiam

522 2116 596 2262 'Fui
615 2114 716 2183 suam
748 2130 867 2210 tamen,
896 2127 936 2193 er
1005 2114 1102 2199 iilum
1128 2116 1350 2199 voluntatem
1376 2102 1516 2195 minime
1548 2112 1752 2211 deponens,

528 2194 706 2283 'pellabat
719 2200 851 2281 exitum
873 2198 942 2265 der
959 2194 1230 2285 *erameniorum
1273 2198 1469 2274 arentibus,
1496 2196 1534 2265 dr
1550 2200 1669 2267 multis
1688 2200 1752 2267 u‘r-

453 2316 457 2325 .
524 2283 660 2369 gebat,
687 2284 830 2434 ufflid
850 2283 991 2349 tandem
1013 2275 1201 2360 statueret,
1224 2208 1387 2369 ageriret.
1426 2280 1584 2357 Nescio,
1604 2280 1672 2381 ,faut
1689 2284 1752 2351 hic

519 2366 609 2451 'egit
622 2384 703 2433 com
796 2381 831 2432 m
853 2364 991 2450 ngius,
1010 2366 1069 2451 qui
1086 2366 1305 2449 quadriennii
1313 2364 1592 2445 sollicitationem
1608 2366 1753 2455 abrupit

534 2449 769 2519 declaratione
782 2446 969 2527 abstinendi
981 2444 1245 2527 amatiimonio,
1266 2448 1360 2533 quod
1371 2446 1504 2535 postea,
1519 2466 1599 2516 cum
1607 2448 1752 2516 ere'l·

416 2593 418 2596 .
535 2532 575 2599 sis
594 2534 756 2613 viveret,
777 2549 844 2600 nec
863 2532 995 2598 invitos
1018 2548 1084 2609 nec
1101 2532 1287 2611 infeliciter
1306 2534 1493 2601 contraxit.
1534 2530 1666 2601 Indicit
1687 2532 1750 2601 tibi

523 2606 701 2704 'coelibem
716 2616 853 2695 vitams
869 2614 973 2682 etiam
991 2616 1035 2705 ab
1056 2608 1217 2703 exemplo
1232 2617 1376 2683 Matthia
1385 2659 1398 2695 ,
1425 2606 1485 2700 q'ui
1493 2606 1624 2703 coelebs
1638 2606 1757 2695 uixit,

519 2701 691 2781 ssquamvis
703 2700 792 2783 ,plus
834 2718 913 2767 uam
933 2698 1033 2767 unius
1045 2701 1157 2787 'pueri
1171 2713 1273 2785 pater
1291 2698 1418 2779 luerit,
1447 2712 1487 2766 ut
1504 2696 1594 2765 infra
1612 2698 1756 2769 videbi-

522 2800 629 2872 mus:
664 2783 797 2863 Fassor,
812 2718 930 2849 ‘ithace
947 2782 1019 2867 ipsa
1033 2780 1149 2861 futura
1162 2782 1359 2871 conjunitio
1376 2798 1456 2849 cum
1478 2780 1595 2867 'puella
1611 2800 1658 2849 ex
1671 2784 1748 2852 ii'dn

522 2939 525 2946 ,
530 2864 628 2950 justis
642 2884 688 2933 nu
714 2867 769 2933 tiis
789 2870 993 2953 procreata,
1026 2856 1161 2955 ngium
1176 2881 1247 2953 non
1266 2864 1424 2952 abstinuit
1437 2861 1485 2933 'ab
1507 2858 1750 2951 amplectenda

522 2962 607 3040 ,tam
628 2886 777 3017 suofimis
801 2950 871 3016 viri
888 2948 1064 3022 affinitate.
1107 2951 1176 3018 Sed
1188 2950 1270 3035 quid
1293 2950 1353 3017 uid
1368 2947 1595 3034 istuc'suerim
1616 2950 1749 3019 entibl

534 3032 628 3099 bona
653 3032 761 3101 verba
794 3030 889 3117 Viglii
912 3031 955 3099 ad
983 3032 1176 3113 Martialem,
1210 3034 1248 3102 δι
1271 2968 1375 3119 iuper
1399 3032 1466 3099 hac
1493 3051 1530 3101 re
1554 3032 1749 3117 postrema:

536 3114 651 3203 „Ego
672 3106 847 3201 superiore
865 3109 981 3185 aeltate
997 3109 1143 3201 patriam
1162 3134 1203 3185 ac
1226 3128 1387 3201 parentes
1403 3111 1505 3199 ‚revisi
1510 3166 1593 3185 .....
1634 3116 1749 3185 Porio

535 3236 564 3276 n
580 3200 624 3268 de
647 3201 786 3285 reliquae
804 3218 891 3266 meae
907 3198 990 3266 vitae
1009 3198 1162 3267 instituto
1182 3214 1262 3267 cum
1277 3200 1478 3285 parentibus
1492 3200 1681 3286 anricIsque
1694 3202 1751 3269 di-

536 3322 563 3357 „
580 3284 727 3371 iigenter
746 3302 866 3352 coram
883 3280 1101 3363 constritavi,
1131 3299 1267 3350 aecum
1286 3281 1574 3351 terum'meatum
1595 3284 1751 3367 praeseii·

536 3404 562 3441 2,
580 3370 735 3453 tiumque
754 3381 954 3453 temporum
966 3366 1187 3447 conditione,
1207 3379 1280 3433 tum
1300 3378 1469 3452 perpetua
1485 3384 1562 3433 mea
1577 3364 1613 3433 in
1626 3368 1750 3435 litera·

537 3488 563 3523 υ
581 3470 658 3519 rum
680 3451 788 3521 studia
816 3448 1000 3518 voluntate
1024 3452 1163 3535 aliisque
1187 3451 1301 3516 multis
1329 3450 1517 3517 rationibus
1544 3450 1578 3515 in
1603 3456 1748 3519 omnein

537 3570 563 3606 η
580 3550 714 3619 partem
729 3532 948 3606 consideratis
963 3532 1000 3600 dr
1010 3530 1190 3617 expensis,'
1201 3550 1281 3599 cum
1292 3536 1396 3607 etiam
1404 3528 1626 3600 meminissem
1639 3539 1747 3618 quain
1867 3574 1868 3581 κ

537 3617 690 3689 „abste
710 3632 810 3684 antea
828 3614 980 3681 oblatam
1002 3616 1237 3683 conditionem
1257 3634 1327 3683 non
1351 3616 1574 3701 accepissem,
1598 3634 1640 3683 ac
1660 3633 1749 3685 cum

538 3736 564 3773 ,,
581 3701 657 3781 hic,
677 3714 754 3768 tum
771 3717 857 3766 vero
876 3700 1024 3767 maxime
1039 3717 1095 3765 me
1117 3700 1275 3767 nonnulli
1289 3700 1622 3786 obstringere‘con'u
1647 3702 1680 3767 'o
1695 3702 1749 3769 sa-

518 3810 564 3855 ‘n
581 3797 764 3869 tegerent,
799 3782 937 3849 tandem
967 3800 1105 3848 mecum
1137 3783 1279 3849 decrevi
1311 3784 1529 3851 matrimonio
1562 3720 1605 3849 air
1639 3786 1749 3854 uere.

538 3908 564 3944 ‚‚
581 3868 662 3934 Non
683 3864 788 3933 modo
803 3864 847 3931 ad
864 3863 991 3943 studia,
1010 3864 1131 3949 quibus
1147 3866 1231 3931 nihii
1243 3860 1327 3932 mihi
1339 3864 1404 3934 esse
1424 3868 1595 3949 antiquius
1608 3867 1747 3953 potest,

538 3950 796 4035 „tranquillius
815 3949 1029 4027 excolenda,
1048 3966 1172 4015 verum
1193 3950 1296 4016 etiam
1317 3951 1379 4017 reli
1402 3968 1484 4017 uum
1502 3951 1588 4015 vitae
1604 3953 1762 4020 cursum-

537 4076 565 4114 „
581 4035 649 4101 line
675 4032 893 4102 solicitudine
919 4048 961 4097 ac
983 4050 1068 4099 cura
1095 4032 1234 4099 liberius
1254 4032 1349 4099 fimul
1435 4030 1620 4119 jucundius
1641 4052 1750 4118 pera·

537 4160 565 4197 „
579 4118 758 4205 gendum,
789 4114 1094 4183 commodissimum
1110 4114 1186 4183 fore
1204 4130 1323 4193 ratus,
1352 4116 1389 4199 dr
1414 4131 1484 4183 tam
1508 4131 1595 4181 rrum
1611 4120 1748 4185 multo-

536 4244 563 4281 „
579 4220 723 4285 rumque
742 4201 969 4284 maximorum
988 4199 1143 4265 virorum
1163 4218 1248 4265 exem
1269 4200 1350 4279 sum,
1370 4274 1374 4287 .
1395 4196 1473 4266 uim
1495 4200 1612 4285 patrui
1629 4218 1748 4284 quon-

536 4288 658 4365 „dam
675 4285 744 4350 mei
761 4282 928 4371 (Baesuris
946 4282 984 4346 ob
1000 4272 1118 4365 Ayrro)
1138 4216 1352 4349 liberaiiffimi
1371 4296 1374 4303 ⁴
1424 4284 1561 4351 diorum
1582 4302 1746 4353 meorum

512 4374 516 4381 ’
536 4369 696 4452 „altoris
718 4366 894 4454 consilium
907 4360 1063 4449 secutur,
1083 4365 1142 4449 qui
1161 4382 1202 4432 ea
1220 4366 1353 4435 scilicet
1369 4366 1428 4453 spe
1446 4368 1555 4435 literis
1574 4382 1632 4435 me
1655 4369 1747 4436 oiiin

509 4456 562 4539 ''„
579 4450 805 4527 erudiendum
824 4447 994 4530 tradidit,
1020 4462 1061 4519 ut
1082 4448 1178 4535 quod
1198 4448 1275 4539 ipsew
1287 4450 1434 4523 fratrum
1453 4450 1678 4601 sororumqube
1699 4452 1746 4548 ii-

1076 4560 1084 4575 ·
1604 4574 1631 4611 ,‚
1674 4552 1748 4603 eris
