3934 5192
359 519 453 643 'aa
498 522 774 646 AYT‘T·A
810 532 1275 648 ΪΖῚΙΙΌΗΕΜῘ.Ι
1356 584 1459 673 1033

207 727 420 839 :britonium
434 740 556 835 natus,
575 741 660 831 juria
677 740 857 827 utriusque
868 728 1010 815 ¹Doiior
1032 746 1068 815 in
1085 747 1328 819 'Universrtate
1348 751 1459 823 Colo--

106 829 107 912 f
215 828 340 912 nienfi3
363 832 421 896 oir
434 834 558 893 eximia
575 826 715 892 tioiirinae
729 828 765 898 ti
782 828 996 909 authoritatis,
1004 831 1068 929 sab
1085 832 1203 929 casare
1217 836 1461 905 maximiliano·-

106 921 107 926 ’
208 916 378 1001 (nempe
402 910 452 994 l.)
474 914 578 975 multis
666 918 687 977 ’t
708 910 846 978 Comerae
867 914 936 1000 (lm
962 915 1060 983 ertali
1081 915 1213 1001 Spirae)
1238 919 1367 1002 assedit,
1403 938 1459 989 at·

106 1073 107 1080 ἵ
217 1012 299 1083 auat
309 1000 487 1083 primarius
501 993 541 1077 est
556 928 852 1078 DoeJuliocmfit
871 1014 922 1061 tort
934 1000 1072 1074 tliatiut,
1092 1001 1202 1083 inquit
1220 1001 1340 1087 Vigilat
1360 1024 1458 1069 antro·

116 1086 123 1093 ·
207 1088 323 1163 ι1537.
351 1089 423 1145 tom.
440 1094 471 1158 3.
486 1096 522 1161 p.
542 1096 575 1159 9.
615 1075 725 1144 Porro
747 1083 921 1163 perpetuo
941 1083 1034 1147 haesrt
1060 1083 1213 1159 Colonia,
1245 1088 1338 1169 quod
1355 1088 1440 1153 mal-

216 1164 269 1230 let
289 1164 391 1229 inter
412 1162 595 1236 literatos,
618 1166 721 1245 quam
738 1164 831 1230 inter
850 1164 982 1230 aulicos
1002 1182 1104 1249 agere
1118 1210 1141 1244 ,-
1162 1170 1217 1235 vir
1233 1170 1340 1237 literis
1355 1188 1452 1255 pro--

214 1244 412 1315 movendis
427 1258 538 1311 natus.
559 1242 656 1328 ΒΨ.
682 1242 767 1310 Petri
785 1255 835 1312 rit.
854 1246 1004 1315 Decetirt
1026 1249 1210 1325 Coloniaeex
1227 1252 1342 1337 peste,
1364 1274 1438 1321 non

207 1336 488 1413 ‘aun0154o.ut
509 1327 638 1409 Suffrid.
657 1328 794 1408 scribit,
814 1328 872 1395 sed
888 1348 982 1397 anno
1007 1350 1100 1416 1541.
1145 1333 1266 1418 Vigiim
1289 1355 1437 1421 namque
1453 1364 1457 1368 ·

206 1415 279 1503 *dle
306 1430 348 1495 13
368 1412 515 1508 Augusti
535 1429 628 1496 1542.
649 1410 803 1479 Haimio
828 1412 1008 1497 Commingo
1031 1417 1080 1481 ita
1105 1416 1242 1485 scribit:
1278 1420 1458 1488 Colonia*

219 1496 330 1583 pellis
352 1495 542 1583 gravissime
564 1494 672 1561 saeviit
696 1495 734 1564 ὅτ
752 1495 900 1563 amicum
928 1498 1080 1564 nostrum
1107 1500 1331 1649 Dormmensem
1348 1505 1461 1590 supa·

207 1580 309 1673 [tiore
331 1598 411 1647 anno
424 1578 558 1664 fitjiaiit.
586 1592 656 1647 tom.
674 1599 706 1662 4.
745 1584 849 1663 ‚389.
873 1578 947 1665 Vsa.
990 1581 1047 1647 Ad
1064 1581 1222 1651 Hectorem
1240 1586 1257 1650 i
1275 1595 1439 1655 orviriom

222 1664 453 1734 communem
473 1663 642 1738 amicum,
663 1680 684 1730 e
732 1680 788 1729 em
808 1680 899 1729 anno
917 1665 994 1730 haec
1020 1664 1141 1747 Vigiius
1160 1666 1309 1753 scripit:
1341 1712 1365 1745 „
1382 1672 1459 1736 De·

224 1788 250 1825 „
266 1745 483 1828 Documento
505 1744 611 1812 nostri
633 1761 747 1814 morte
770 1760 808 1813 te
831 1743 992 1815 audivisse
1015 1750 1194 1818 arbitror..
1216 1752 1357 1821 Miseret
1381 1774 1457 1821 me·

225 1830 391 1907 „uxoria
414 1847 456 1896 ac
476 1828 688 1906 liberorum,
709 1846 836 1897 vereor
850 1832 941 1898 enim
958 1848 1003 1897 ne
1017 1850 1090 1899 rem
1099 1833 1196 1899 haud
1214 1852 1372 1922 magnam
1383 1858 1438 1906 rc-

228 1954 255 1993 „
269 1912 437 1999 liquerit,
457 1912 558 1991 com,
575 1912 632 1979 oti
645 1913 728 1991 scis,
750 1910 787 1980 δι
802 1914 928 1982 laboris
942 1914 1287 2001 fueritsogitantior,
1308 1920 1344 1988 δι
1365 1922 1459 1989 lau-·

227 2038 253 2075 ,,
268 1998 343 2066 tior
356 2000 460 2082 qoam
475 2015 542 2081 pro
557 1995 686 2079 quaestu
705 2010 766 2062 aot
778 1996 933 2067 fortuna.
944 1998 965 2033 ''
993 1998 1069 2067 liii.
1111 2051 1118 2067 .
1134 2016 1228 2083 332..
1250 2004 1347 2071 Inter
1363 2006 1440 2089 plu·

214 2080 284 2152 ‘res
306 2080 449 2155 'liberos
466 2079 587 2147 habuit
609 2078 825 2165 ffimonmnom
851 2082 1013 2168 (dequo
1038 2080 1079 2147 Su
1108 2104 1136 2153 r.
1161 2102 1231 2151 non
1259 2087 1458 2169 meminit)-

234 2164 330 2251 Vigiii
338 2164 446 2247 fitium
461 2164 658 2249 adoptivum,
680 2162 718 2231 iic
736 2162 795 2230 sibi
818 2166 907 2231 adeo
921 2168 1062 2231 charum
1079 2210 1090 2242 ,
1119 2182 1159 2235 ut
1175 2170 1208 2233 ei
1223 2171 1455 2254 epitaphium

218 2248 430 2335 scripserit,
458 2247 496 2316 δι
516 2246 779 2313 consolatoriam
799 2250 843 2315 ad
861 2248 1012 2333 [ioannem
1036 2265 1137 2333 quam
1158 2252 1214 2317 hic
1238 2272 1282 2319 ex
1303 2251 1440 2399 esifloia-

115 2412 118 2417 ,
230 2350 300 2401 nim
316 2335 395 2397 tomo
413 2349 444 2400 a.
461 2349 495 2416 p.
513 2347 587 2411 295.
605 2343 762 2417 appono:
784 2332 1022 2415 „Numquam
1036 2332 1119 2398 mihi
1136 2353 1236 2419 aeque
1257 2334 1455 2403 moestum·

229 2456 256 2491 „
272 2415 340 2485 fuit
363 2415 459 2482 adte
478 2414 653 2491 scribere,
683 2412 858 2482 clarissime
876 2415 1010 2481 Doiior
1032 2434 1073 2483 ac
1090 2418 1167 2485 Due
1186 2418 1458 2497 colendissimo„

230 2540 256 2575 ‚‚
271 2498 376 2650 auam
390 2498 425 2564 ln
443 2497 786 2581 haepraeieotianlmi
795 2501 1078 2583 perturbatione:
1101 2518 1181 2566 cum
1196 2520 1306 2585 neque
1321 2520 1438 2569 meum
1453 2530 1458 2556 ‚

232 2625 258 2661 „
300 2582 437 2651 olorem
449 2596 644 2665 temperare
663 2580 798 2664 posim,
818 2580 1180 2667 &neruumquoqoe
1193 2587 1342 2653 animum
1354 2589 1459 2654 meio»

233 2666 498 2751 „querimoniis
525 2666 623 2731 nimis
642 2667 875 2743 crambem,
905 2668 1130 2735 vehementer
1153 2688 1286 2737 verear.
1330 2670 1438 2737 Com-

232 2793 258 2825 „
274 2752 391 2839 munia
409 2750 504 2817 euim
519 2749 603 2813 mihi
622 2760 739 2815 tecum
758 2749 807 2817 est
825 2748 950 2825 iustos,
970 2748 1132 2817 &nescio
1150 2770 1192 2817 an
1209 2754 1439 2839 etiamjustio·

232 2852 350 2909 „rem
370 2832 531 2899 moeroris
551 2832 686 2899 causam
706 2832 867 2910 habeam,
888 2833 990 2917 quim
1014 2847 1053 2899 tu
1072 2832 1164 2901 sorte
1187 2836 1334 2921 allegare
1359 2836 1437 2921 pos·

234 2959 261 2993 ‚,
276 2918 329 2984 iis.
371 2916 590 3005 Quamquam
618 2916 710 2981 enim
731 2917 759 2981 is
787 2934 832 2982 ex
861 2929 897 2984 te
923 2918 1060 3001 genitus
1088 2916 1227 2997 fuerat,
1260 2936 1298 2985 tu
1321 2935 1439 2987 tamen

232 3040 261 3078 „
277 3017 387 3067 unum
409 3014 544 3066 tantum
569 2998 699 3065 amisisti
720 3000 853 3076 filium,
882 2999 1038 3083 pluribus
1054 3000 1167 3067 adhuc
1186 3002 1301 3069 liberis
1321 3005 1440 3087 super-

236 3123 263 3159 „
279 3083 428 3153 titium:
459 3100 525 3169 ego
546 3082 688 3149 unicum
713 3100 783 3149 non
805 3084 1012 3150 natumsed
1040 3083 1191 3169 adoptione
1217 3087 1300 3150 mihi
1322 3088 1441 3169 quaesr·

235 3208 262 3244 ,‚
279 3182 365 3235 tum.
405 3168 458 3237 Ut
473 3186 516 3234 eo
536 3168 642 3255 magis
661 3181 903 3243 commovear,
924 3184 993 3250 quo
1016 3168 1193 3235 meliorem
1210 3168 1349 3251 quidem
1371 3171 1461 3237 ele-·

236 3293 264 3327 ,,
279 3270 415 3349 geram,
435 3265 653 3337 quem‘nunc
675 3249 826 3315 amissum
847 3250 973 3317 rielleo.
1016 3250 1196 3345 Gignimus
1222 3252 1314 3317 enim
1340 3252 1457 3317 casu:-

239 3376 264 3408 ,,
280 3353 316 3400 ru
329 3342 442 3420 optione
462 3352 550 3401 vero
569 3332 764 3400 discrimine
782 3332 981 3417 Judicio'que
995 3335 1149 3401 utiltcct.
1171 3334 1214 3400 Et
1223 3334 1302 3410 ille,
1324 3336 1440 3419 quoad

239 3426 312 3495 „in
329 3433 393 3483 meo
405 3424 476 3500 jure
497 3416 585 3493 soit,
616 3418 664 3483 ita
684 3432 764 3482 meo
780 3418 900 3482 vanimo
922 3416 1106 3493 admouit,
1134 3416 1182 3483 ita
1203 3417 1362 3485 omnibus
1379 3436 1463 3483 nus

240 3504 385 3578 „meris
408 3500 521 3568 meam
544 3498 820 3584 expectationem
847 3500 1026 3582 implerit,
1055 3514 1094 3564 ut
1119 3500 1355 3580 cumfratre,
1384 3501 1461 3585 qui·

240 3602 451 3659 „unacum
471 3604 514 3651 eo
535 3584 643 3649 literis
664 3600 805 3667 operam
821 3581 940 3664 dabat,
962 3584 1160 3649 chariorem·
1172 3584 1344 3652 haberem.
1375 3585 1463 3652 coi

241 3710 267 3743 ‚‚
282 3668 320 3736 δι
339 3666 450 3735 tludio
468 3667 505 3735 oc
518 3668 671 3733 moribus
679 3668 735 3733 ita
750 3666 911 3751 praeibat,
932 3681 972 3732 ut
984 3666 1083 3732 ducis
1098 3666 1211 3733 officio
1221 3668 1445 3733 strenuesun-

241 3767 435 3837 „geretur
475 3751 651 3817 Excitavit
670 3749 756 3816 vero
773 3752 877 3816 etiam
894 3766 1005 3815 meam
1028 3768 1108 3835 erga
1130 3768 1208 3817 eum
1228 3750 1444 3817 allectionem

242 3874 270 3911 rr
283 3835 541 3903 commendatio
561 3834 732 3918 Joociittri,
753 3834 811 3917 qui
828 3852 888 3899 eos
910 3834 1074 3917 privatim
1097 3833 1320 3912 instituebat,
1349 3832 1386 3901 &
1402 3835 1445 3899 il-

242 3959 268 3995 „
284 3919 350 3986 lios
367 3918 561 4003 proseiium
577 3916 819 4001 crebris-apud
832 3936 888 3983 me
903 3916 1249 4001 literis'praedicabat.
1291 3916 1360 3985 Sed
1374 3917 1444 3983 heu

242 4003 428 4078 „nimium
446 4018 573 4069 verum
593 4000 641 4069 est
660 4046 671 4078 ‚
701 4000 838 4087 egregia
857 4000 1099 4085 praecociaqoe
1116 4001 1255 4086 ingenia
1274 4019 1352 4067 raro
1378 3998 1445 4068 elle

243 4086 453 4171 „longaeva
493 4086 551 4165 Au
573 4104 660 4153 vero
681 4102 700 4151 e
724 4104 745 4149 o
771 4086 877 4151 talem
900 4081 1156 4150 adolescentem
1180 4086 1228 4151 ita
1244 4086 1340 4150 nobis
1357 4084 1460 4168 eripi·

244 4209 270 4244 „
285 4186 356 4234 uon
379 4170 527 4237 doleam.
569 4169 620 4236 lta
638 4168 686 4234 mi
742 4169 859 4235 omine
883 4178 1129 4245 commoveor,
1160 4182 1199 4235 ut
1216 4170 1348 4235 nullius
1370 4186 1446 4233 uro·

246 4269 387 4335 ‚squam
412 4270 527 4336 morte
555 4270 652 4337 aeqoe
675 4250 799 4318 fuerim
847 4251 1053 4318 erturbatus.
1095 4250 1223 4319 Nescio
1246 4253 1338 4319 enim
1355 4268 1460 4333 qua·-

242 4374 269 4412 „
285 4352 366 4403 uam
388 4335 450 4402 ista
471 4338 511 4403 iit
527 4336 732 4403 mortalium*
744 4270 929 4410 consitio,
961 4333 1150 4430 utoptima
1166 4350 1332 4421 quaque,
1353 4346 1450 4427 ante·

227 4418 566 4507 1„quamiroiiois
587 4421 714 4501 liceat,
735 4420 947 4490 amittamus:
964 4418 1052 4491 malt
1073 4436 1161 4489 vero
1180 4436 1250 4489 noo
1269 4414 1375 4487 modo
1397 4432 1451 4479 vt·
1529 4483 1543 4507 ἱ

1327 4538 1353 4578 ,,
1368 4512 1454 4567 vant
