3934 5192
556 486 641 597 136
723 452 1620 601 n.orrezruu1unu‚tmonu

557 714 584 751 „
600 674 750 757 principi
771 674 966 751 renunties,
987 672 1056 739 hoc
1078 672 1236 761 temp'ore
1252 670 1358 739 isthac
1376 672 1578 739 conditione
1594 659 1653 739 usi
1670 676 1759 742 mibi
1815 670 1831 687 “

557 777 670 831 „non
691 756 756 823 elle
775 759 960 843 integrum.
1003 756 1122 839 Siqua
1141 774 1227 823 vero
1248 758 1314 821 alia
1332 756 1367 819 in
1387 774 1424 820 re
1446 756 1553 825 Illmae
1570 756 1759 827 Celiitodi..

557 880 583 915 ‚‚
600 843 635 905 ni
649 842 715 906 suae
735 858 811 905 mea
832 841 944 923 opella
956 839 1095 921 obsequi
1115 856 1259 925 potero,
1281 840 1368 905 idea
1383 858 1438 903 me
1453 838 1622 905 sessurum
1635 858 1759 923 promg

546 962 584 999 ‹„
600 923 794 1007 ptitudine,
816 939 857 989 ut
878 938 1056 1005 concepta
1078 941 1159 1019 erga
1178 941 1232 987 me
1253 940 1297 987 ex
1322 920 1410 985 Turni
1430 922 1756 1004 pradicationebef

558 1047 584 1082 ‚,
601 1007 798 1073 nevolemia
814 1024 884 1072 non
898 1006 1037 1071 omnino
1057 1006 1234 1091 indignum
1253 999 1318 1070 eise
1332 1002 1527 1089 cognoscat.
1549 1045 1553 1053 ·
1568 1006 1663 1072 Beue
1673 1012 1753 1077 vale

558 1130 584 1165 ,‚
601 1090 782 1156 dosiissime
800 1088 929 1165 Sabine,
945 1087 982 1155 δι
1001 1088 1178 1154 clarissimo
1189 1088 1413 1171 cancellario
1435 1086 1529 1151 Turro
1545 1090 1603 1171 qui
1620 1090 1682 1155 tali
1695 1110 1753 1159 me

555 1173 690 1257 „apud
723 1170 971 1237 illustrifllmum
1002 1171 1197 1319 Ppincispem
1235 1170 1373 1255 eulogio
1409 1172 1571 1247 ornavit,
1608 1172 1752 1255 viciffim

555 1275 714 1332 „meum
737 1254 875 1320 deserto
903 1253 1080 1334 officium,
1123 1254 1368 1340 igniscatoque
1388 1272 1444 1321 me
1469 1253 1642 1337 deinceps
1659 1257 1754 1326 iuter

556 1379 583 1415 „
599 1359 659 1406 eos
678 1336 834 1404 futurum
853 1338 910 1419 qui
927 1338 1051 1403 merito
1065 1338 1124 1405 suo
1141 1356 1221 1405 eum
1236 1352 1446 1403 venerantur
1464 1337 1508 1405 D.
1526 1336 1753 1409 Caroloabitzio

554 1461 581 1497 „
598 1421 757 1505 siquando
778 1437 1014 1516 opportunum
1035 1420 1157 1499 fuerit,
1180 1421 1320 1487 salutem
1341 1436 1518 1507 quoquea
1542 1439 1597 1487 mc
1617 1420 1752 1501 dicito,

555 1545 582 1580 „
599 1522 699 1588 quam
719 1522 868 1588 proprus
881 1505 932 1568 tllt
950 1504 1058 1570 literis
1081 1505 1244 1571 nunciare
1261 1502 1463 1578 maluissem,
1484 1502 1578 1569 stubi
1590 1504 1754 1575 locomnr

555 1628 583 1663 n
598 1603 717 1673 ageret
732 1603 949 1671 compertum
965 1586 1158 1657 habuissem.
1191 1589 1322 1653 Datum
1334 1586 1428 1671 Spirae
1446 1602 1486 1667 17
1504 1585 1684 1670 Septemb.
1697 1602 1754 1661 au.

554 1673 726 1753 „1536st
767 1670 823 1736 Ex
839 1686 910 1737 tom.
928 1688 957 1736 ι.
979 1692 1000 1735 a
1015 1689 1088 1754 pag.
1106 1688 1180 1755 377.
1223 1671 1311 1737 Haec
1334 1689 1352 1735 e
1379 1669 1473 1738 istola
1488 1668 1594 1735 Sabino
1614 1672 1752 1742 reddita
1788 1748 1796 1753 ,

556 1756 730 1831 nonfuit,
751 1754 788 1822 &
811 1756 1043 1838 quinquennio
1064 1754 1138 1837 post
1157 1754 1238 1821 cum
1260 1753 1345 1837 sagos
1369 1750 1471 1817 adium
1489 1768 1625 1842 quoque
1654 1756 1755 1825 dese·

555 1858 633 1905 rere
650 1838 809 1906 statuisset
830 1836 950 1920 Vrgtas
966 1838 1004 1905 dc
1023 1837 1065 1903 ab
1086 1839 1153 1904 alio
1170 1836 1334 1906 Elesioris
1353 1835 1642 1919 Brundenburgmfls
1658 1839 1755 1907 Cau·

553 1924 697 1989 cellario
714 1921 867 2003 Eustochio
884 1942 903 1985 a
925 1920 1071 2003 Srbleyber
1086 1921 1129 1987 ad
1139 1920 1296 1987 eamdem
1315 1920 1463 2003 spartam
1477 1918 1667 1988 ornandam
1689 1923 1754 1989 de-

405 2074 409 2081 ,
501 2006 504 2009 ’
555 2024 625 2071 nuo
647 2005 906 2079 sollicitaretur,
929 2003 1101 2071 recusavit
1119 2006 1245 2070 iterum
1261 2002 1332 2083 &3
1354 2003 1446 2087 Junii
1468 2020 1560 2083 1541.
1581 2020 1627 2069 ex
1648 2003 1754 2087 Iogol-

548 2088 646 2173 lindio
669 2093 789 2155 harum
806 2088 984 2155 literarum
1005 2088 1205 2171 exemplar,
1236 2103 1314 2169 quae
1334 2103 1404 2153 non
1425 2086 1563 2153 fueraut
1581 2087 1751 2169 redditae,

553 2174 703 2241 submisit
724 2172 852 2255 Georgia
866 2170 996 2249 Sabino,
1019 2173 1071 2236 uti
1086 2171 1251 2255 reperim
1271 2184 1341 2237 ιοιιι.
1354 2202 1358 2211 ·
1366 2185 1396 2248 3.
1416 2184 1450 2253 p.
1467 2186 1541 2251 272.

596 2257 785 2323 XXXIX.
828 2255 868 2339 (1
924 2254 1088 2321 Casan
1120 2270 1269 2319 onaan
1305 2253 1548 2321 Mensura
1583 2254 1751 2325 Henna·

557 2360 583 2407 n
595 2360 616 2406 u
629 2356 873 2407 sumuaus
931 2335 1075 2405 Causam
1093 2338 1142 2403 sui
1161 2334 1318 2405 discessus
1334 2352 1378 2405 ex
1392 2335 1476 2407 vaula
1493 2334 1612 2407 Caroli
1635 2341 1680 2409 V.
1699 2344 1753 2408 vi-

445 2434 449 2440 ’
555 2425 601 2491 de
621 2424 720 2507 supra
741 2422 785 2489 ad
804 2424 849 2489 N.
871 2421 983 2487 XXV.
999 2422 1033 2485 in
1050 2422 1134 2489 fin..
1488 2500 1490 2505 ι
1670 2460 1674 2475 ·

598 2506 662 2591 (a)
704 2506 794 2572 Uar
838 2504 1459 2573 Vror-Cnncnnnrnrnrus
1507 2520 1750 2577 ornemur

493 2668 500 2671 ,
555 2585 877 2670 suscruunur)
912 2588 1008 2652 luter
1039 2588 1257 2655 Confiliarios
1284 2589 1342 2670 qui
1370 2589 1406 2655 id
1436 2586 1752 2675 Caesari.suggeise-

553 2686 655 2749 rant,
672 2674 866 2754 praecipuus
876 2669 942 2735 fuit
953 2670 1083 2736 Carolus
1098 2671 1249 2757 Boisoms,
1277 2670 1367 2756 apud
1379 2686 1505 2753 quem,
1528 2686 1568 2737 ut
1579 2673 1648 2740 hoc
1663 2694 1751 2743 onus

554 2757 825 2840 deprecaretur,
853 2753 942 2819 binis
966 2754 1073 2821 literis
1093 2756 1171 2821 satis
1192 2754 1329 2837 prolixe
1356 2772 1458 2837 agere
1478 2754 1610 2822 necesse
1630 2757 1761 2825 habuit·

556 2840 798 2922 Viglius:,-quas
821 2837 935 2903 ambas
961 2837 1074 2905 rursus
1095 2837 1333 2905 describendas
1350 2837 1530 2922 judicavi,
1561 2839 1655 2921 quod
1677 2842 1754 2909 haeo

554 2922 684 2989 nonsit
707 2922 847 2987 minima
864 2922 939 2987 e'us
961 2921 1045 2986 vitae
1065 2922 1268 2988 accidentia.
1310 2920 1483 2985 Prioribus
1501 2922 1608 3003 igitur
1626 2922 1754 2993 litteris

553 3010 602 3074 ita
621 3003 738 3089 Boisoto
751 2940 936 3087 rescripbt:
960 3039 985 3078 n
1003 3004 1179 3071 Pristinam
1192 3022 1272 3087 erga
1282 3022 1338 3069 me
1346 3003 1628 3069 benevolentiam
1636 3022 1751 3086 tuam,

554 3130 581 3167 „
598 3106 832 3173 quam‘coram
852 3106 896 3154 ex
912 3088 1029 3151 multis
1045 3088 1253 3172 argumentis
1267 3086 1442 3170 perspexi,
1464 3086 1669 3155 amicissimae
1683 3106 1753 3157 tuae

554 3174 705 3249 „literae
726 3170 890 3239 nonme
910 3170 1043 3254 ingenti
1068 3171 1171 3237 animi
1190 3171 1257 3237 mei
1281 3171 1464 3251 voluptate
1487 3170 1622 3253 plenius
1645 3175 1752 3244 etiam

553 3296 580 3333 „
596 3255 835 3329 declararunt,
857 3254 893 3321 dr
913 3255 1059 3321 multum
1080 3253 1158 3319 sane
1175 3253 1236 3319 tibi
1255 3252 1368 3321 debeo
1388 3252 1480 3333 quod
1502 3252 1754 3339 uno-upum·

553 3358 643 3423 „po
672 3336 863 3419 Atrebatmfi
890 3351 961 3405 tam
988 3334 1172 3420 diligenter
1200 3354 1255 3403 me
1285 3336 1598 3405 commendaveris.
1642 3339 1753 3425 Cujus

552 3422 733 3505 „quidem
749 3423 896 3487 virtutes
913 3439 953 3487 ac
975 3421 1118 3505 insignes
1137 3420 1266 3503 ingenii
1285 3420 1456 3501 animique
1476 3419 1579 3487 dotes
1599 3438 1618 3485 a
1637 3424 1754 3491 multis

554 3547 579 3583 ,‚
596 3506 680 3569 mibi
696 3518 798 3571 antea
839 3503 1015 3570 radicatas
1041 3522 1112 3569 ιιοιι
1133 3502 1263 3587 possum
1285 3520 1353 3572 non
1380 3501 1597 3585 summopere
1614 3524 1754 3589 quoque

554 3630 580 3666 „
595 3588 774 3671 suspicere.
852 3604 893 3651 ec
921 3587 1005 3650 milri
1029 3588 1212 3669 quicquam
1243 3586 1371 3673 gratius
1397 3587 1602 3675 contingere
1627 3605 1750 3670 queat,

553 3690 697 3753 „quam
722 3686 761 3735 ut
781 3686 839 3736 tua
859 3670 1162 3737 commendatione
1187 3669 1276 3735 illius
1305 3687 1386 3754 erga
1402 3687 1457 3733 me
1504 3670 1753 3752 ropeusumfa-
1799 3700 1823 3713 v

553 3772 717 3831 „vorem
743 3752 905 3834 obsequio
938 3748 1051 3831 abnuo
1085 3771 1164 3821 meo
1186 3752 1374 3819 demerear.
1417 3688 1500 3819 Seri)
1511 3770 1612 3833 qnam
1640 3773 1754 3839 nuper

552 3869 578 3913 η
596 3837 808 3904 occasionem
825 3834 938 3909 amifi,
967 3854 1044 3901 eam
1065 3836 1156 3903 aliud
1176 3834 1389 3919 ⁸(uespere)
1413 3850 1548 3919 tempus
1567 3836 1610 3901 ali
1636 3840 1751 3907 uando

552 3962 578 3997 „
595 3934 752 4001 reponet.
794 3920 886 3986 Cum
906 3937 993 3985 vero
1018 3936 1058 3987 ea
1082 3936 1158 4001 quae
1183 3919 1226 3985 de
1254 3935 1333 3995 ¹mea
1351 3918 1589 4013 promouendo
1611 3856 1753 3995 portum

553 4044 579 4079 ‚‚
596 4004 699 4068 abste
714 4003 762 4067 illi
777 4001 928 4087 suggesta
939 4001 1032 4077 suut,
1055 4005 1200 4069 multum
1211 4020 1266 4068 me
1278 4002 1545 4081 delediaverrnt‚
1567 4018 1642 4069 tura
1655 4006 1752 4087 quod

553 4128 578 4163 ,‚
595 4086 640 4151 de
650 4084 1034 4154 vice-cancellariatus
1054 4084 1166 4161 officio
1184 4102 1264 4153 oum
1280 4086 1352 4169 ipso
1370 4101 1404 4151 te
1420 4088 1635 4154 collocutum
1656 4088 1757 4185 signi-

552 4211 578 4244 „
595 4170 702 4247 ficas,
733 4173 827 4240 varie
856 4185 912 4237 me
936 4168 1063 4239 affecit.
1106 4170 1194 4252 Quis
1220 4171 1317 4241 enim
1332 4168 1391 4239 est
1419 4170 1617 4237 mortalium
1639 4190 1699 4253 qur
1720 4175 1755 4241 in

552 4292 577 4329 „
595 4254 688 4338 spem
706 4272 747 4319 ac
767 4254 982 4321 occasionem
1001 4251 1240 4337 splendidioris
1258 4254 1501 4336 ampliorisque
1515 4251 1666 4337 sortunae
1681 4274 1771 4323 nou·

525 4352 528 4356 ’
552 4377 578 4415 ‚‚
595 4338 768 4424 erigatur?
789 4338 840 4409 Et·
854 4336 1029 4407 trausailae
1056 4336 1166 4411 aetatis
1185 4356 1270 4409 meae
1295 4336 1400 4416 studia
1421 4336 1641 4424 perpendens
1662 4334 1754 4488 baulei

1636 4460 1661 4497 aa
1683 4438 1756 4487 va·
