3934 5192
309 530 1299 686 SUPERIMPOS.DECIM1DENAR11.
1347 541 1444 718 '335
1476 657 1484 686 -,
1530 635 1533 640 -
1568 617 1576 624 ·
1622 639 1628 650 1
1729 535 1733 542 ’

232 779 372 860 Duum.
396 782 624 859 Fredericum
649 788 722 881 ejus
740 781 848 857 filium
863 743 1052 870 inducire,
1077 807 1150 880 quo
1163 790 1254 882 patri
1274 787 1343 863 uni
1362 815 1440 888 per.

231 881 379 969 suadere
397 884 525 971 vellet,
545 901 587 956 ut
616 879 660 955 ab
680 882 805 954 Decimi
826 881 959 953 Dcnccii
974 883 1181 956 executione
1203 882 1438 981 supersedere·
1559 885 1563 892 ’

235 999 316 1071 tur,
340 979 463 1054 mediis
486 978 664 1052 nonnullis
680 973 878 1076 propositis.
928 975 1064 1052 Verium
1079 981 1137 1054 ille
1154 987 1352 1076 permoveri
1366 1009 1440 1062 non

287 1073 384 1159 tu'it;
417 1077 533 1150 donec
564 1078 703 1150 tandem
729 1075 845 1160 Brili,
870 1077 1015 1170 aliisque
1032 1077 1120 1150 locis
1136 1079 1179 1151 ab
1200 1076 1360 1166 Gensis,
1385 1105 1438 1158 re-

261 1170 485 1268 ellibusque,
516 1172 606 1246 hanc
638 1173 766 1248 Decimi
797 1172 933 1246 Dmccic'
954 1174 1166 1246 exactionem
1191 1175 1438 1270 praetendenti-

77 1324 78 1331 *
232 1265 323 1352 bus,
350 1273 372 1318 *
394 1271 607 1364 occupatis,
638 1268 866 1355 consentiret,
900 1287 939 1342 ut
960 1292 1042 1343 cum
1065 1273 1189 1345 ceteris
1224 1271 1436 1352 Consuliariis
1459 1321 1515 1379 *V
1527 1321 1604 1382 Sere·

77 1424 78 1427 ,
231 1384 368 1460 patrem
393 1365 639 1474 deprecaretur
661 1390 729 1462 pro
757 1369 971 1440 executionis
993 1364 1240 1464 suspensione,
1266 1391 1434 1466 quatenus
1458 1366 1603 1478 concarp.

233 1463 318 1534 anni
338 1483 506 1542 currentis
525 1461 664 1557 Quotas
678 1463 843 1559 prompti
855 1466 1071 1536 exolverent.
1437 1477 1561 1538 mecca
1575 1497 1601 1541 1.
1698 1489 1709 1506 ⁸

287 1556 417 1632 LXV.
443 1556 577 1632 interea
600 1559 718 1634 Status
741 1561 918 1645 nonnulli,
941 1562 1102 1634 videntes
1127 1557 1163 1632 se
1185 1584 1255 1636 non
1273 1563 1366 1636 aliud
1390 1563 1433 1638 ab
1459 1558 1542 1650 obice
1558 1559 1602 1656 st·

233 1647 340 1745 Duce
356 1658 540 1763 impetrare
561 1653 678 1750 posse,
702 1655 912 1729 constituite
931 1657 1067 1750 legatos
1085 1653 1215 1728 suos‘in
1229 1655 1434 1754 Hispaniam
1458 1637 1535 1708 μὴ
1555 1656 1586 1698 ¹²¹

1459 1718 1562 1774 Vecilio
1624 1743 1627 1748 ·
1757 1747 1759 1755 ·

237 1751 282 1823 ad
305 1745 440 1846 Regem
449 1771 618 1839 mittere,
650 1753 711 1845 qui
727 1751 865 1845 plenius
888 1775 967 1824 eum
991 1751 1034 1824 de
1049 1752 1242 1828 imminenti
1256 1757 1432 1848 periculo,
1457 1793 1603 1856 mm,

232 1847 390 1942 statuque
427 1849 619 1944 provinciae
651 1851 834 1925 certiorem
856 1846 1021 1921 facerent.
1072 1847 1116 1920 Id
1157 1849 1228 1924 uod
1244 1849 1430 1928 Excelltia.
1458 1878 1537 1934 crocu.

230 1941 292 2014 sua
309 1942 469 2018 omnibus
494 1946 510 2033 (
527 1947 622 2017 modis
639 1941 657 2038 )
684 1945 856 2041 impedire
881 1963 1005 2018 conata
1020 1940 1114 2034 fuit,
1179 1967 1348 2042 ucemque
1368 1949 1435 2021 Ar-

231 2037 377 2113 schotiae
404 2063 445 2114 ac
467 2039 639 2114 Comitem
656 2041 677 2115 i
697 2039 843 2126 Lalein,
869 2042 930 2136 qui
948 2039 992 2113 ab
1010 2035 1201 2114 ssrabantiae
1219 2038 1433 2118 Hannoniae·

226 2159 307 2231 >qne
325 2136 478 2212 Sentibus
494 2135 647 2233 requisiti
665 2141 709 2212 ad
725 2138 795 2212 hoc
812 2135 949 2210 fuerant
959 2185 971 2222 ,
995 2137 1163 2224 inhibuit,
1190 2159 1234 2210 ne
1245 2137 1433 2216 provincii

233 2234 465 2322 excederent,
491 2257 677 2330 operamne
702 2232 796 2307 suam
826 2236 920 2308 acin
938 2254 1000 2319 re,
1025 2235 1119 2306 unde
1137 2234 1225 2306 nihil
1244 2231 1306 2306 nili
1322 2233 1432 2334 Regis
1452 2251 1455 2256 ’

231 2327 507 2423 indignationem
526 2328 901 2427 expectaredeberene
925 2328 1083 2404 Statibus
1098 2332 1320 2424 impartirent.
1345 2333 1432 2408 Por-

231 2445 275 2497 ro
294 2422 582 2516 Hannonieisea,
605 2423 818 2511 insulenses,
842 2424 1011 2510 Artbesri,
1036 2449 1077 2500 ac
1091 2425 1232 2501 Flnndri
1246 2425 1324 2500 suos
1339 2431 1432 2526 lega·
1566 2453 1567 2458 ’

230 2539 310 2607 tos,
338 2520 441 2598 Duce
462 2525 677 2611 inconsulto,
702 2523 919 2618 ablegavere.
958 2519 1122 2616 cumque
1142 2519 1372 2600 Brabantinos
1390 2526 1432 2599 sr-

231 2620 363 2692 militer
383 2623 448 2696 iter
465 2620 641 2718 arripuisse
664 2616 900 2705 intellexisset,
925 2619 1048 2692 litteris
1063 2623 1106 2692 ad
1121 2641 1207 2705 eos,
1229 2622 1431 2716 priusquam

153 2801 159 2807 ,
229 2715 360 2790 limites
382 2720 613 2800 excederent,
638 2718 749 2802 datis,
774 2717 919 2790 domum
935 2717 1125 2788 revocavit.
1167 2715 1244 2806 Qui
1260 2718 1433 2792 nihilomi-

232 2833 300 2882 nus
314 2814 391 2888 viter
407 2812 505 2893 suum
522 2813 698 2911 prosecuti
714 2813 811 2902 sunt,
835 2835 876 2888 ac
900 2815 937 2891 in
952 2814 1082 2886 curiam
1099 2815 1229 2908 regiam
1247 2817 1285 2888 in
1304 2813 1432 2912 Hispa·

223 2908 323 2980 niam
341 2931 460 2984 omnes
474 2909 561 2984 mvi
581 2911 783 3006 pervenere.

279 3002 436 3081 LXVI.
487 3007 618 3082 Turbis
643 3027 757 3080 autem
781 3003 944 3089 obortis,
976 3001 1075 3078 defiit
1105 3001 1193 3086 Dux
1226 3023 1431 3103 tantopere,
1455 3001 1459 3010 ’

228 3119 269 3172 ut
278 3103 398 3195 prius,
421 3103 547 3177 Decimi
557 3105 695 3177 Denccii
704 3105 941 3180 executionem
953 3124 1099 3197 urgere,
1125 3104 1180 3173 cui
1208 3107 1360 3196 populus
1378 3126 1430 3180 to·

228 3215 300 3268 tam
331 3198 422 3273 hanc
440 3199 659 3294 Reipublicae
677 3199 972 3295 perturbationem
991 3197 1201 3293 imputabat,
1226 3220 1268 3270 ac
1291 3200 1431 3274 tandem

229 3292 267 3362 iu
297 3294 370 3388 ‘ejus
396 3294 470 3390 (1)
498 3296 724 3369 abolitionem
747 3289 918 3370 consensit
942 3341 955 3376 ,
987 3295 1037 3366 uti
1069 3294 1195 3366 litterae
1209 3295 1282 3386 ejus
1303 3317 1377 3387 prae
1395 3297 1432 3370 se

225 3383 318 3460 ferre
345 3390 576 3479 videbantur,
602 3415 686 3488 quas
713 3412 829 3464 mmen
853 3388 974 3483 postea
1007 3391 1055 3460 ita
1077 3391 1322 3483 interpretatus
1356 3389 1429 3477 est,

227 3504 398 3576 quatenus
415 3486 530 3564 Status
545 3488 589 3562 de
597 3490 671 3562 aliis
687 3487 809 3560 mediis
828 3485 917 3558 duos
933 3483 1105 3558 missiones
1122 3507 1187 3580 per
1201 3483 1351 3580 singulos
1371 3509 1430 3560 an-

226 3599 292 3652 nos
319 3583 356 3654 in
380 3584 505 3657 Decimi
521 3585 658 3657 Dcncrii
673 3585 792 3656 locum
815 3577 1069 3666 numerandos,
1092 3579 1313 3677 provideant
1362 3581 1429 3656 Di·

226 3697 312 3750 cens
338 3680 527 3751 litterarum
552 3677 687 3754 suarum
711 3701 786 3751 eam
812 3673 910 3749 fuisse
938 3677 1194 3765 intentionem,
1229 3699 1300 3774 que
1326 3679 1429 3754 etiam

226 3770 495 3846 confirmabatur
520 3797 584 3870 per
610 3774 683 3869 (u)
706 3770 962 3870 responsionem
980 3771 1023 3846 ab
1045 3772 1146 3870 Rege
1165 3776 1288 3870 legatis
1302 3775 1338 3846 in
1361 3773 1429 3848 Hi·

227 3863 249 3940 s
268 3872 377 3942 aniam
406 3870 504 3963 missu
529 3872 662 3957 datan,
688 3871 830 3966 quando
847 3863 1015 3962 Maiestas
1032 3866 1093 3943 sua
1118 3891 1190 3944 non
1210 3871 1309 3948 aliter
1321 3869 1429 3946 assen-

146 3989 171 4025 ν
253 3984 285 4050 ι,
310 3987 350 4040 ut
364 3965 638 4063 supersederemr
655 3968 781 4044 Decimi
801 3967 940 4042 Denaris
957 3961 1149 4050 exaslioni,
1176 3968 1341 4062 quamde
1353 3971 1429 4046 aliis

227 4063 350 4134 mediis
374 4067 411 4138 in
435 4064 510 4160 ejus
529 4065 649 4138 locum
664 4059 910 4157 surrogandis,
933 4059 977 4134 ab
994 4057 1076 4156 ipfis
1093 4063 1346 4156 provideretur.
1370 4065 1430 4159 Ip-

227 4151 253 4225 fi
272 4175 386 4231 tamen
412 4158 540 4236 Status
557 4162 695 4236 evocati
719 4159 940 4244 Bruxellam,
964 4175 1005 4229 ut
1033 4156 1077 4229 de
1093 4159 1218 4234 mediis
1231 4159 1443 4254 hujusmodi

76 4297 80 4308 -
225 4251 475 4340 deliberarent,
500 4260 643 4339 omnino
666 4256 879 4340 institerunt,
896 4271 951 4324 ,ut
971 4251 1099 4326 Decimi
1123 4256 1259 4330 Denarii
1285 4255 1431 4331 consen·

223 4343 303 4439 sus,
328 4352 576 4447 qualis-qualis
594 4356 697 4429 datus
711 4349 813 4435 esset,
838 4369 938 4423 antea
958 4347 1299 4441 circumduceretur,
1323 4372 1430 4445 atque

221 4443 376 4645 absoiuta
394 4443 608 4550 simplexque
623 4451 768 4536 abolitio
784 4444 900 4550 ΒΨ
916 4467 1025 4530 “¹³⁸⁰
1041 4443 1172 4547 fisum
1181 4449 1430 4642 exhiberi&
1471 4577 1476 4593 .
