3934 5192
318 458 522 576 sunau
550 442 747 571 runnu.
777 476 997 576 nuent
1026 476 1304 572 bennun.
1361 507 1442 594 um

223 671 390 762 bilant,
415 669 665 760 Praelatorum,
692 669 877 747 Nobilium
894 670 1102 768 &quatuor
1125 673 1325 770 capitalium
1349 672 1448 752 Civi-

236 772 387 858 tatum,
412 771 707 866 quarumprima,
732 770 897 842 uidelicet
913 767 1157 854 Lovanienfis,
1183 791 1334 866 quatuor
1345 771 1451 844 babet

240 865 437 947 membra,
469 886 601 939 caetera
621 887 710 938 vero
732 865 829 949 tria,
863 865 1049 958 diligenter
1067 867 1337 962 expendendum
1353 865 1450 940 vide·

240 964 381 1048 batur,
416 983 461 1034 an
489 960 620 1054 fingula
642 983 720 1033 eum
742 960 906 1034 consensu
926 963 1174 1050 Praelatorum‚
1199 961 1449 1056 Nobiliumque

237 1057 532 1146 concordarent,
563 1079 744 1152 purusque
766 1079 807 1130 ac
830 1056 974 1152 simplex
997 1056 1253 1159 consensusuex
1270 1055 1351 1152 ipsrs
1371 1061 1451 1133 elici

239 1151 385 1251 posset,
411 1153 467 1240 &‚
491 1176 536 1224 an
561 1155 727 1224 nonnulla
743 1150 919 1227 consensui
931 1155 1088 1238 addant,
1113 1175 1192 1250 quae
1210 1153 1450 1238 conditionte,

243 1273 338 1346 quas
359 1248 445 1321 Dux
462 1250 691 1323 admittendas
714 1271 785 1322 uon
800 1250 921 1332 duxit,
943 1251 1136 1346 implicent.
1396 1287 1399 1292 ·

301 1344 438 1417 XVllL
463 1343 603 1418 Deinde
626 1368 770 1440 quoque
792 1347 1059 1420 examinandum
1086 1345 1180 1430 esse,
1218 1363 1274 1420 an·
1288 1365 1453 1441 quorum·

246 1443 334 1515 dam
353 1441 621 1526 Membrorum‚
656 1444 707 1514 uti
729 1442 844 1540 quarti
872 1439 1098 1516 Lovaniensrs
1126 1444 1163 1518 δι
1191 1443 1285 1518 tertii
1307 1440 1454 1514 Bruxel-

245 1536 357 1613 lensts
380 1535 538 1630 expressa
555 1533 733 1621 diffenfio,
757 1536 1045 1631 impedimentum
1063 1537 1204 1634 aliquod
1227 1533 1381 1634 generali
1398 1558 1455 1608 ac·

245 1633 447 1729 ceptationi
470 1631 552 1706 esset
576 1632 776 1728 praebitura.
826 1631 931 1706 Circa
945 1637 1104 1728 ‘primum
1120 1655 1235 1708 autem
1253 1631 1454 1726 scrupulum

245 1730 344 1803 Dux
364 1727 456 1802 sicco
473 1728 566 1826 pede
587 1725 744 1813 transiit,
768 1726 806 1800 dt
830 1749 894 1824 per
918 1730 1171 1802 moderationes
1202 1730 1392 1802 remedium
1418 1723 1453 1798 se
1563 1731 1569 1744 '

244 1825 491 1910 adhibiturum
510 1822 816 1920 dixit,‘facileque
840 1821 1093 1898 satist-tritorum
1117 1827 1159 1899 iis
1186 1847 1265 1919 qnae
1285 1847 1350 1921 per
1373 1823 1452 1916 sup·

249 1924 462 2020 plicationes
486 1921 597 2014 petita
620 1941 731 1994 erant.
781 1918 851 1992 Die
875 1921 1002 1994 deinde
1023 1929 1057 1994 6.
1075 1921 1224 2017 Augusti
1245 1930 1349 2015 1569.
1369 1941 1454 1994 cou-

248 2037 384 2092 vocato
409 2015 583 2105 Consilio,
609 2034 649 2088 ut
672 2015 756 2088 Dutr
780 2014 1023 2090 resolutionem
1046 2016 1197 2090 sumeret
1219 2013 1323 2111 super
1345 2019 1459 2092 altera·
1500 2043 1503 2052 ’

250 2113 458 2188 difficultate
479 2135 593 2195 mota,
625 2111 674 2183 ob
698 2109 934 2187 diffenstonem
958 2113 1188 2208 quorumdam
1213 2111 1452 2188 Membrorum

251 2210 352 2284 tertii
383 2209 500 2283 Status
530 2207 746 2295 Brabantiae,
771 2229 914 2302 rogatus
937 2207 1139 2284 sententiam
1164 2206 1449 2294 Cancellartus·,
1477 2203 1625 2288 *Jomtm

232 2308 366 2394 -multa
389 2327 549 2403 repetens
574 2305 619 2378 de
642 2302 870 2399 opinionibus
888 2303 1046 2380 Statuam
1060 2302 1291 2400 srngulorutu,
1309 2306 1452 2378 tandem
1477 2285 1609 2364 ΜΨ·

250 2407 293 2478 in
316 2403 394 2486 hoc,
410 2398 599 2488 conclusit,
623 2397 719 2497 quod
743 2401 826 2473 licet
849 2396 1009 2486 Praelati,
1033 2399 1256 2496 Nobilesque
1277 2403 1452 2478 conditio·
1477 2381 1522 2427 π·

252 2507 337 2574 nem
362 2496 537 2572 consensui
561 2494 623 2570 suo
646 2493 902 2590 apposuissentt
926 2505 1079 2591 quatenus
1102 2501 1188 2572 tertii
1211 2491 1364 2588 Ordinis,
1397 2499 1452 2576 but

252 2595 304 2693 est
327 2597 490 2682 ciuitatum
510 2589 646 2688 offensare
665 2593 859 2684 *wrederen
891 2591 986 2690 ipsos
1010 2613 1123 2669 tamen
1149 2589 1340 2680 Praelatos,
1375 2591 1454 2666 No-

74 2784 76 2789 ·
253 2694 415 2787 bilesque
439 2689 557 2786 postea
575 2713 649 2762 eam
664 2689 902 2762 conditionem
917 2685 1094 2764 remisisse:
1119 2687 1249 2783 usuque
1272 2711 1455 2784 receptum

185 2874 188 2878 A
256 2786 345 2872 else,
376 2785 506 2861 etiamst
530 2809 574 2857 ex
598 2787 705 2858 tertio
727 2785 827 2858 Statu
851 2786 1010 2882 quaedam
1035 2785 1199 2861 Membra
1222 2785 1451 2865 dissentirent·

229 2884 468 2958 -authoritate
491 2901 604 2954 tamen
628 2878 800 2975 Principis
824 2903 865 2953 ea
887 2883 1161 2975 comprehendi,
1193 2900 1254 2956 aut
1276 2883 1453 2956 diffimula·

253 2983 304 3059 ri.
332 2980 532 3073 ulcerique,
557 2999 622 3051 nec
644 3000 765 3057 eorum
789 2975 951 3052 dissensit
974 2983 1143 3053 tutionem
1168 2978 1308 3065 haberi,
1333 2980 1386 3053 uti
1409 3002 1452 3052 ex

257 3075 346 3152 attis
369 3078 629 3168 praeteritorum
653 3071 879 3146 subsidiorum
903 3071 1086 3148 ostendere
1109 3071 1232 3168 posset.

306 3169 400 3244 xlx.
427 3169 523 3263 Quae
544 3169 738 3252 sententia,
769 3167 851 3243 crim
875 3169 974 3244 Duci
999 3169 1167 3269 imprimis
1191 3168 1452 3263 placuisset‚.in'
1548 3245 1553 3254 ,

256 3269 486 3343 e'amomnin'o
502 3262 678 3339 Excelltia
692 3263 751 3336 sua
773 3265 983 3361 propendit‚
1007 3269 1202 3360 leviterque
1220 3267 1452 3361 aliorumopi7

256 3365 418 3440 mionibus
441 3363 571 3456 rogatis
582 3358 699 3446 ,etim
721 3362 893 3434 neminem
919 3359 1111 3436 formaliter
1130 3362 1369 3435 contradicere
1392 3385 1452 3456 nu·¹

256 3462 377 3547 ditet,
412 3456 487 3554 ipse
512 3458 550 3538 in
573 3456 718 3530 eandem
744 3455 988 3530 condescendit
1007 3454 1267 3551 conclusitque-t
1303 3456 1451 3532 Praesrde

253 3579 371 3632 tamen
395 3555 624 3650 requirente,
658 3575 699 3626 ut
726 3551 962 3628 Cancellariur
981 3554 1078 3626 'uitur
1102 3555 1268 3645 allegatos
1289 3553 1452 3628 ostendea
1510 3615 1514 3621 .
1580 3615 1598 3632 ,.

252 3675 342 3739 ret,
378 3648 459 3724 edm
484 3671 530 3723 ex
562 3646 759 3729 diuersitate
782 3647 920 3724 casuum
945 3648 1121 3724 conclufio
1155 3648 1247 3746 sape
1276 3651 1451 3724 alteretun
1529 3667 1533 3678 “

254 3746 352 3823 Nam
360 3741 433 3822 'etsi
451 3747 561 3840 maior
585 3767 667 3842 part
685 3741 928 3818 sententiarum
945 3746 1074 3822 minori
1096 3745 1207 3844 parti,
1231 3747 1367 3820 caeteris
1389 3756 1451 3841 pa-

257 3843 391 3932 ribus,
421 3841 633 3939 praevaleat,
665 3840 789 3918 &vix
814 3838 895 3916 fieri
914 3843 1048 3939 podir,
1070 3867 1111 3918 ut
1138 3845 1175 3916 in
1198 3865 1308 3918 unum
1332 3865 1452 3918 nmuea

256 3942 496 4025 conveniant,
534 3935 681 4046 fierique
705 3933 799 4035 saepe
829 3942 1042 4036 contingat,
1077 3961 1116 4016 ut
1144 3937 1452 4029 intermeratae,

256 4032 480 4135 Nobilesque
503 4032 599 4123 lint,
630 4035 695 4132 qui
719 4036 763 4112 ab
783 4037 858 4110 aliia
884 4035 1109 4123 dffendunt,
1145 4035 1183 4112 dt
1205 4043 1453 4134 tuneamajot

256 4155 341 4230 para
363 4128 571 4240 attenditur,
596 4129 644 4208 fic
662 4130 743 4209 edm
763 4133 941 4210 tredecim.
953 4129 1019 4208 lint
1042 4129 1208 4208 Membra
1225 4153 1377 4225 quatuor
1396 4156 1453 4208 ca*

260 4230 421 4328 pitalium
437 4229 625 4314 civitatum
648 4227 872 4316 Brabantiar‚
903 4229 989 4304 licet
1008 4253 1116 4316 unum
1137 4229 1370 4306 autalte'rum
1384 4239 1453 4303 'eo-
1481 4291 1483 4294 .

257 4325 419 4408 tutuab·
434 4327 578 4434 ¹euteria
609 4321 789 4428 discordet
803 4322 908 4496 ‚sdep
918 4336 1066 4422 quotum
1098 4347 1215 4408 tamen
1244 4323 1477 4438 ,particulari

260 4479 295 4513 ’.’-
368 4458 395 4524 ὁ,
783 4520 786 4529 1
922 4445 949 4522 P
1368 4439 1456 4536 ints·
1536 4469 1542 4482 ,
