3934 5192
325 527 401 605 an
447 508 752 634 AYTTA
797 509 1258 616 Z'UIC'HEMI.
1358 552 1435 643 151

214 740 248 779 ‚2
313 722 369 772 arn
393 723 489 803 nunc
509 721 592 775 cnm
612 724 704 775 nova
725 707 944 805 advenientis
963 707 1127 778 Dostoris
1145 711 1271 779 Nicoloi
1291 720 1308 758 ⁸
1329 718 1438 804 gloria
1465 722 1595 807 l'dequo

216 826 246 861 n
300 791 470 857 eademne
498 793 736 860 celebritatem
766 792 931 859 facillime
957 810 1135 863 retentura
1155 796 1350 869 videbatur.
1392 804 1438 871 Et
1465 806 1525 864 haec
1537 814 1605 869 alibi

214 910 246 947 „
264 892 349 941 cum
369 876 430 942 alii
451 876 609 959 plerique
636 874 846 961 professores
872 876 1042 961 Principis
1063 880 1368 953 commendatione
1392 889 1435 955 ad
1463 882 1594 958 Vigiles:

96 991 97 1002 ι
216 998 246 1031 „
264 958 432 1027 meliores
451 962 671 1029 conditiones
691 962 847 1056 promoti
865 960 955 1039 siut,
987 961 1127 1045 quidam
1147 964 1251 1031 etiam
1273 969 1316 1035 ad
1337 986 1435 1039 exte·
1460 965 1604 1025 Annon.

215 1081 245 1115 „
264 1060 389 1108 rorum
408 1044 609 1141 Principum
627 1044 806 1113 servitium
827 1047 1116 1129 commigrantes,
1144 1065 1220 1115 eam
1240 1064 1355 1121 tamen
1378 1064 1433 1123 r'e·
1461 1044 1604 1117 'wiltis

214 1164 243 1199 η
263 1128 435 1194 tinuerint
453 1143 621 1212 gratiam,
642 1143 684 1195 nt
703 1128 821 1213 postea
841 1129 972 1195 iterum
994 1130 1253 1215 reciperentur:
1279 1155 1342 1203 cur
1364 1156 1430 1223 ego
1459 1116 1586 1182 filimi&

96 2505 97 2515 ι
216 2508 241 2546 n
259 2490 302 2540 ro
322 2470 475 2557 Principi
495 2474 624 2540 leviter
642 2486 776 2540 tantum
794 2470 855 2537 sim
876 2488 1004 2547 notus,
1027 2488 1068 2539 ac
1090 2492 1135 2539 ex
1158 2488 1193 2541 te
1216 2491 1258 2539 ea
1278 2494 1331 2543 res
1354 2498 1418 2563 po-

213 1246 244 1285 n
260 1210 298 1275 1¹¹
322 1212 438 1295 P2tria
458 1212 501 1279 ad
522 1214 686 1280 eximiam
704 1215 911 1297 dignitatem
934 1214 1028 1281 ultro
1049 1230 1216 1293 vocatus,
1238 1236 1279 1285 ac
1299 1234 1353 1289 tot
1367 1240 1430 1291 no-
1457 1213 1597 1263 revocatus

212 1335 243 1370 „
258 1295 416 1363 minibus
437 1294 655 1381 compulsus,
684 1295 814 1364 sactum
833 1314 982 1378 meum,
1015 1296 1083 1365 five
1104 1317 1124 1365 a
1144 1300 1331 1387 Principe,
1359 1306 1428 1372 five
1456 1270 1511 1345 esi,
1535 1297 1587 1340 nou

96 1449 98 1462 .
123 1416 128 1423 ’
217 1418 247 1455 2,
263 1378 327 1445 aba
346 1392 385 1446 te
414 1380 670 1465 repraelrenilam
689 1379 734 1447 iri
761 1386 943 1448 metuam?
973 1381 1167 1449 Praesertim
1188 1402 1268 1451 cum
1289 1389 1429 1459 triennii
1453 1368 1585 1455 ‘⁰''²‘’”·‚

96 1491 97 1494 ,
218 1462 486 1547 „jamdudum
508 1466 651 1616 emto
671 1482 833 1550 tempore
853 1464 956 1533 nullis
975 1464 1217 1533 conductionis
1237 1468 1346 1539 literis
1359 1473 1426 1543 slve
1454 1431 1597 1511 '‘m'‘

486 1566 508 1616 e

214 1584 245 1621 „
262 1547 420 1614 munima
437 1546 484 1613 iv
606 1549 680 1617 stus
697 1550 769 1635 sm.
808 1548 1118 1645 Adhaecfluaedam
1135 1553 1245 1625 ⁰⁶⁰1ss
1258 1557 1342 1622 ΜΒ
1360 1556 1426 1641 spi·
1439 1512 1583 1651 mais

215 1667 245 1706 ‚‚
260 1648 309 1697 na
326 1630 513 1708 inlaaereat,
539 1649 617 1717 quae
638 1634 744 1701 etiam
762 1632 857 1699 mua
876 1634 960 1699 mihi
980 1648 1076 1699 nunc
1095 1634 1130 1699 in
1152 1638 1263 1718 patria
1284 1658 1426 1707 maneu—
1453 1662 1569 1726 svm„

214 1750 243 1789 n
258 1716 290 1781 ti
312 1712 430 1782 oblata
448 1716 519 1781 llve
538 1716 716 1785 incidente
736 1716 917 1785 occasione
938 1731 999 1783 aut
1020 1716 1242 1787 necessitate:
1277 1725 1423 1805 quadam
1450 1742 1502 1801 rius
1516 1764 1558 1803 co.

214 1811 381 1875 „nmen
409 1814 465 1866 tue
491 1799 710 1868 solicitudine
738 1818 784 1868 ne
810 1802 878 1867 alio
907 1800 1092 1885 aliquando
1113 1804 1343 1887 cogitationes
1364 1810 1424 1876 lle·
1446 1838 1588 1895 gramenta

216 1920 244 1959 „
261 1883 358 1950 ibere
375 1900 527 1969 cogerer
543 1930 554 1963 ,
588 1884 752 1953 afficeret.
795 1861 885 1951 'sam
904 1884 1022 1951 multis
1040 1886 1144 1970 igitur
1166 1904 1221 1957 me
1241 1889 1423 1975 impellen-
1449 1898 1567 1974 artius,

215 1966 355 2043 „tibus
374 1967 653 2119 causnoggnosces
666 1968 781 2053 quaeso
793 1970 841 2034 mi
853 1968 1019 2065 Patrone,
1041 1968 1134 2053 qnod
1147 1970 1311 2054 Reginae,
1329 1976 1421 2059 quod
1451 1978 1593 2055 quisenta

445 2070 470 2119 u

214 2088 243 2127 n
259 2054 403 2135 imile,
536 2052 692 2139 parenti,
710 2052 806 2135 quod
852 2070 893 2119 ro
917 2053 1052 2136 inquis,
1072 2054 1167 2137 quod
1188 2056 1305 2123 amicis
1326 2060 1422 2127 obse·
1449 2057 1586 2117 sinuarat.

212 2172 244 2210 n
259 2136 321 2219 qui
355 2070 527 2214 congius,
560 2136 794 2233 scholasticam
860 2071 1035 2233 sagionem
1063 2138 1265 2233 relinquam.
1354 2134 1574 2227 undisono·

217 2258 244 2293 ‚,
259 2236 332 2302 qno
359 2219 564 2304 benigniore
591 2220 797 2319 illustriffimt
825 2220 995 2303 Principis
1026 2238 1096 2287 mer
1124 2221 1235 2288 Ducis
1264 2218 1421 2293 Wlnelriu'
1448 2208 1491 2267 ¹³⁸⁶
1507 2227 1566 2285 lw-

217 2302 372 2389 „gratia
390 2302 563 2382 ficeiem,
577 2304 661 2455 iga
679 2304 810 2389 Regina
827 2321 895 2401 pro
917 2322 973 2370 me
994 2302 1064 2369 uni
1082 2304 1291 2383 intercedit,
1318 2328 1421 2379 meae·
1440 2284 1567 2364 fiffvrm

216 2425 244 2463 η
259 2406 330 2470 que
358 2386 503 2473 supplici
531 2406 578 2487 ep
640 2388 684 2456 lae
704 2388 779 2456 suas
800 2403 904 2455 ettam
923 2404 1047 2471 preces
1067 2388 1204 2473 adjecit.
1239 2390 1421 2483 ,Cumye-
1446 2368 1590 2523 zm}

215 2546 417 2631 „tilllmutn
434 2557 616 2640 pendeat,
649 2570 685 2624 te
713 2556 763 2621 mi
787 2556 936 2624 Patrone
962 2574 1026 2621 oro
1048 2568 1150 2639 atque
1173 2556 1341 2641 obsecro,
1378 2578 1418 2630 ut
1443 2524 1590 2678 ζζῗξζῇὖῒ

212 2675 240 2713 „
256 2639 328 2705 hoe
346 2638 475 2708 sastnm
495 2658 611 2707 meum
630 2640 719 2725 aequi
739 2658 781 2708 ae
800 2640 886 2707 boni
906 2639 1085 2718 consulas,
1115 2658 1160 2707 ne
1181 2640 1247 2709 irae
1269 2660 1314 2709 ex
1334 2664 1417 2713 cau·
1443 2678 1511 2737 dicio
1524 2681 1588 2758 ff,
1632 2700 1641 2721 .
1678 2656 1711 2731 ’,

212 2761 240 2797 ,,
255 2722 291 2789 sa
311 2735 412 2788 tuum
441 2741 462 2790 a
491 2742 547 2791 me
574 2723 732 2791 savorem
761 2739 906 2791 avertas.
948 2724 993 2790 Et
1012 2725 1175 2806 quoniam
1195 2724 1231 2790 in
1252 2728 1414 2809 quintum
1444 2756 1494 2814 pp,
1516 2758 1560 2819 g,

212 2846 238 2882 „
254 2822 387 2872 anuum
408 2807 496 2875 citra
516 2808 621 2875 ullatn
641 2807 951 2892 reprehensionem
971 2806 1069 2873 isthic
1088 2806 1228 2886 servivi,
1248 2808 1285 2875 id
1307 2802 1427 2879 unum'
1444 2832 1574 2909 mappa.

211 2908 384 2974 „precor
404 2905 444 2958 ut
462 2908 528 2976 pro
547 2890 706 2976 suprema
726 2890 889 2958 mercede
911 2890 1079 2973 Principis
1101 2890 1296 2959 testimonio
1317 2897 1414 2965 obse·
1442 2886 1550 2983 dn’zs.

210 3013 238 3050 „
253 2976 375 3056 quium
402 2992 518 3043 meum
545 2974 687 3043 vicili'rm
715 2976 857 3062 Reginae
883 2974 1160 3043 commendetur.
1204 2977 1271 3043 Vel
1301 2978 1328 3042 st·
1345 2982 1414 3047 hoc
1442 2988 1501 3047 Feb.

210 3060 443 3142 „impetrare
468 3076 540 3126 non
566 3071 731 3139 mereor,
762 3076 866 3126 utne
887 3058 931 3124 ab
953 3076 1073 3127 amore
1092 3058 1291 3127 Academiae
1310 3061 1412 3146 ingol·
1444 3080 1532 3143 1542,

114 3156 119 3163 ·
211 3180 237 3216 ,,
246 3140 405 3226 slodienfis
430 3144 500 3211 ulla
526 3145 764 3229 indignatione
784 3145 934 3210 animum
957 3160 1073 3209 meum
1095 3144 1265 3225 repellere
1287 3148 1412 3215 velitis.
1440 3140 1562 3208 lirion.

106 3636 109 3642 ⁸
208 3600 236 3635 „
252 3580 289 3627 m
312 3580 352 3629 re
371 3578 484 3630 meam
507 3578 648 3647 operam
669 3562 714 3629 de
737 3560 929 3634 derabitis,
965 3561 1001 3626 id
1021 3562 1169 3627 maxime
1193 3562 1410 3641 allaborabo,

211 3226 373 3301 „Faveo
392 3228 486 3292 eninr
504 3245 572 3312 ego
591 3229 779 3314 plurimum
799 3225 957 3309 proseilo
978 3227 1013 3293 ei
1031 3225 1180 3303 scholae,
1210 3226 1313 3309 idque
1335 3230 1413 3297 lite·
1439 3238 1466 3293 4-
1479 3238 1581 3302 9-340.

209 3346 238 3384 ·,‚
254 3311 343 3377 rar-ia
371 3326 594 3379 monumenta
618 3328 696 3379 mea
721 3312 862 3395 publice
891 3308 1075 3392 aliquando
1103 3309 1326 3378 testabuntur.
1369 3316 1413 3381 Et
1441 3295 1504 3359 V³¹·
1653 3328 1655 3333 ’

210 3432 238 3470 „
253 3394 416 3477 qnoniam
436 3411 513 3464 earn
540 3394 674 3479 semper
693 3396 873 3461 florentem
895 3410 1037 3459 manere
1057 3392 1283 3459 vehementer
1302 3409 1411 3478 opto,
1438 3374 1530 3437 nrdr.
1633 3454 1635 3459 ,

210 3478 277 3575 „sl
298 3496 385 3560 quos
405 3467 589 3562 aliqnando
609 3480 692 3545 hinc
711 3475 916 3629 professores
938 3476 1145 3558 requiretis,
1176 3492 1236 3542 aut
1258 3479 1327 3543 ulla
1348 3481 1412 3548 alia
1437 3457 1565 3591 {alffi-

206 3682 234 3719 n
251 3662 323 3742 quo
351 3664 468 3721 meum
503 3645 649 3712 studium
677 3658 850 3730 perpetuo
877 3644 1104 3727 cognoscatis.
1146 3643 1254 3727 Quod
1284 3646 1306 3709 sr
1335 3610 1557 3747 ‘1⁰²²'st5lssdf'

206 3744 357 3807 „etiam
378 3746 527 3813 unquam
548 3730 684 3797 dabitur
704 3728 861 3804 occasio,
883 3726 1114 3823 ¹illullrillrmis
1143 3726 1295 3822 Bavariie
1316 3733 1412 3811 prin·
1437 3708 1523 3825 3¹„st
1535 3770 1584 3829 W,

208 3814 388 3897 „cipibus
416 3812 544 3880 summa
576 3812 711 3897 semper
738 3813 1014 3897 promptitudine
1034 3812 1292 3909 devotioneqne
1313 3814 1412 3880 obse·
1433 3812 1510 3923 gilo}

101 3941 106 3952 .
206 3934 234 3973 „
250 3899 371 3984 quium
391 3914 507 3965 meum
527 3898 711 3965 exhibebo.
741 3896 833 3963 Cum
847 3896 1289 3963 tuaautcmbenevolcntra
1304 3916 1410 3980 quum
1437 3924 1566 3983 constan·

208 4018 235 4054 n
251 3983 349 4065 paria
368 3980 488 4048 iacere
505 3998 689 4065 numquam
702 3980 843 4064 polsrrn,
865 3980 1084 4045 voluntatem
1096 3994 1210 4045 tamen
1226 3996 1409 4063 numquam
1436 4016 1481 4059 rer
1498 4021 1565 4063 eum

208 4102 237 4139 ,‚
253 4066 336 4135 mihi
355 4062 499 4132 defuisse
525 4066 661 4133 senties.
701 4064 756 4130 Ac
786 4066 918 4129 nonam
946 4064 993 4129 D.
1023 4060 1204 4145 Osaoolrium
1226 4065 1407 4148 aliquando
1435 4072 1522 4137 vocal

207 4186 238 4221 n
251 4148 296 4215 ad
315 4150 373 4216 has
395 4152 556 4235 regiones
575 4148 742 4215 videndas
761 4147 928 4231 expatiari
947 4146 1050 4212 linas:
1098 4164 1143 4211 ιιο
1158 4147 1190 4210 in
1208 4147 1280 4231 ipso
1297 4148 1409 4215 osten·
1436 4156 1561 4233 illosne

208 4233 328 4304 „dam
351 4248 424 4297 non
445 4234 552 4299 modo
572 4248 738 4316 quantum
760 4232 856 4295 illum
878 4248 991 4295 amem
999 4274 1009 4306 ,
1040 4227 1059 4292 s
1120 4228 1157 4297 δι
1177 4246 1344 4313 quantum
1365 4234 1409 4303 ti·

205 4314 285 4393 „br
309 4317 470 4388 debeam.
509 4318 603 4387 Beue
630 4317 711 4385 vale
739 4314 777 4385 ἀ
804 4330 981 4391 mentua,
1018 4330 1059 4383 ac
1079 4312 1263 4401 benignam
1284 4315 1407 4485 mfflna

1274 4436 1299 4473 ‚,
1392 4430 1409 4448 .
