3934 5192
542 576 625 641 120
717 532 1325 637 nornnuurrnu
1362 454 1601 637 Vrotn

546 760 623 824 quae
639 738 681 803 ab
696 736 810 822 episco
836 736 848 800 i
863 734 1007 801 arbitrio
1021 732 1162 818 pendet.
1208 731 1289 801 Ultio
1306 730 1443 796 ammius
1462 748 1578 799 rerum
1595 730 1756 801 catholi-

547 841 667 891 carum
691 822 781 887 baud
814 820 878 885 atis
898 820 1049 903 peritus,
1069 816 1200 887 vetusta
1227 816 1370 882 scrutari
1389 812 1522 883 necesse
1545 816 1682 895 babuit,
1706 828 1756 885 ut

550 909 595 973 de
616 908 668 973 hia
683 904 871 988 praepoiitis
883 916 1048 968 accurate
1063 916 1102 967 ut
1118 900 1219 979 facit,
1239 901 1457 983 loqueretur:
1469 896 1528 965 rit.
1540 898 1616 986 Frrj.
1627 899 1678 967 lib.
1693 918 1753 967 Η.

551 991 594 1056 od
604 1011 656 1055 an.
674 1008 766 1069 1²70·
787 1002 894 1053 vocat
913 988 1050 1051 Duconos
1068 1004 1088 1050 a
1105 984 1249 1068 praesule
1261 982 1514 1051 Monasterienli
1532 985 1685 1066 primunt
1693 985 1756 1050 in-

552 1073 693 1147 ductos,
714 1073 773 1154 qui
799 1070 1001 1137 austorimte
1027 1088 1067 1134 ac
1088 1070 1165 1152 jure
1190 1070 1302 1151 aliquo
1322 1067 1443 1151 singuli
1458 1066 1607 1143 ottonis,
1629 1068 1752 1144 denia,

552 1156 729 1238 duodenis,
748 1154 955 1237 quindenis,
979 1152 1138 1228 vicenis,
1172 1150 1329 1217 nonnulli
1359 1152 1463 1217 etiam
1489 1151 1630 1217 tricenis
1671 1168 1755 1217 aro-

553 1242 638 1307 chiis
652 1236 927 1322 praesetiierant:
940 1278 963 1311 ‚,
979 1237 1166 1319 praecipue,
1178 1242 1295 1319 inquit,
1309 1235 1545 1323 cognitionem
1557 1252 1622 1301 cau
1650 1252 1755 1303 arum

553 1365 580 1406 ,2
598 1322 898 1389 matrimonialium
911 1321 1114 1388 &senilium
1124 1319 1287 1387 tenebant
1297 1330 1522 1403 perpetuam,
1547 1332 1755 1402 errataque,

555 1449 580 1482 „
597 1408 619 1471 sr
638 1424 714 1489 quae
734 1405 946 1478 inciderent,
970 1404 1061 1470 corri
1087 1403 1208 1479 ebant,
1235 1420 1275 1468 ac
1292 1420 1433 1485 poenam
1451 1402 1667 1487 irrogabant:
1701 1405 1754 1470 'us

556 1488 789 1565 „reddebant
808 1486 899 1553 statis
920 1422 1154 1570 temporibus,
1188 1484 1402 1554 assidentibus
1415 1423 1754 1555 esacroordlnetbae

558 1614 583 1647 „
600 1572 792 1655 provinciae
810 1572 882 1636 aliis
892 1572 1046 1636 doctrina
1058 1570 1095 1638 δι
1107 1570 1238 1653 pietate
1247 1570 1446 1653 precipuis,
1460 1568 1635 1635 interdum
1644 1570 1755 1637 etiam

459 1720 467 1727 ,
556 1654 822 1731 „antistitum”
847 1655 914 1737 (ute
931 1653 1068 1729 abbates,
1090 1674 1147 1717 mm
1169 1668 1267 1718 autem
1288 1674 1302 1717 e
1322 1650 1426 1737 iscopos
1444 1651 1753 1737 defigrtarr'outumo)

557 1739 766 1805 nonnullis:
795 1740 848 1822 jus
876 1740 944 1804 hoc
978 1736 1075 1801 suurn
1104 1736 1174 1802 Dat
1197 1736 1249 1802 Scb
1314 1738 1416 1819 judu,
1442 1736 1613 1832 judicium
1634 1751 1753 1805 autem

558 1838 660 1897 „aut
680 1820 846 1897 tribunal,
868 1822 930 1887 Die
950 1818 1128 1901 Sthendssoel
1147 1820 1318 1887 dicebant.
1348 1818 1477 1887 Omnia
1491 1822 1566 1886 baec
1582 1837 1648 1904 pro
1667 1820 1757 1905 epis·

558 1922 693 1989 „copo
727 1902 900 1971 faciebant
926 1903 1086 1977 absente,
1126 1906 1265 1990 ejusque
1292 1902 1582 1987 vices-gerebant
1584 1953 1673 1972 .....
1706 1905 1750 1973 ad

558 2030 584 2065 „
600 1990 677 2055 lraec
702 1990 937 2073 templorum,
966 1988 1152 2064 locorum,
1182 1986 1360 2063 vasorum,
1381 1986 1556 2051 redituum
1573 1988 1752 2055 sacrorum

560 2116 584 2147 „
601 2090 721 2141 curam
746 2072 933 2146 habebant,
955 2068 1169 2152 aedstuosque
1187 2072 1227 2135 in
1245 2072 1416 2153 parochiis
1432 2070 1565 2155 ungulis
1586 2070 1631 2137 ad
1647 2072 1755 2138 ratio-

559 2198 585 2233 ,‚
603 2172 664 2223 nes
678 2154 889 2231 reddendas,
911 2156 1045 2237 quoties
1063 2152 1211 2229 libebat,
1229 2154 1287 2219 adi
1309 2172 1368 2219 ere
1385 2168 1566 2237 poterant,
1590 2152 1758 2221 cessantes

560 2279 585 2314 „
601 2241 638 2307 in
654 2238 768 2313 officio
784 2241 982 2321 corripere,
1002 2256 1042 2304 ac
1051 2238 1175 2320 punire
1183 2238 1242 2321 jus
1263 2238 1306 2302 ha
1330 2237 1456 2305 ebant:
1486 2236 1636 2321 denique
1657 2239 1760 2306 velut

561 2362 587 2395 ,,
604 2324 754 2387 minores
771 2322 909 2404 quidam
929 2335 1030 2387 erant
1057 2322 1221 2405 episcopi.
1236 2321 1256 2353 '’
1296 2320 1341 2386 Et
1368 2321 1445 2386 haec
1466 2318 1653 2404 discipllnae
1671 2340 1759 2407 quo·

561 2426 629 2489 que
649 2405 827 2472 hodiernae
848 2404 925 2469 satis
942 2402 1182 2481 consentiunt,
1203 2403 1261 2469 nist
1284 2403 1378 2485 quod
1401 2404 1436 2469 in
1455 2404 1604 2471 diversas
1619 2406 1697 2472 haec
1714 2405 1756 2473 ab

560 2489 731 2571 episcopis
751 2487 978 2555 conferantur
996 2484 1167 2569 personat.
1207 2486 1383 2553 Nostrates
1402 2504 1550 2571 namque
1570 2488 1689 2555 Decaui
1705 2509 1778 2553 rut-s

563 2574 857 2655 raletdelegatarn
885 2571 1014 2637 habent
1035 2569 1277 2654 jurisdictionis
1305 2572 1512 2637 voluntariae
1539 2586 1676 2655 partem
1699 2574 1760 2639 ali-

587 2673 685 2730 uam,
707 2653 929 2721 contentiosae
948 2654 1077 2719 nullam
1092 2676 1102 2733 ;
1124 2672 1200 2737 quae
1216 2659 1291 2720 tota
1307 2672 1370 2737 per
1385 2653 1578 2729 universam
1595 2656 1758 2725 diocesim

561 2675 700 2835 &fficialf
722 2738 903 2811 tribuitur,
920 2736 1045 2883 {udicis
1061 2736 1245 2814 ordinarii,
1272 2738 1331 2819 qui
1350 2734 1398 2803 est
1422 2736 1619 2821 episcopus,
1641 2740 1758 2806 vicem

523 2836 527 2842 ·
563 2838 709 2909 gerenti.
751 2821 859 2886 Porro
884 2818 919 2882 su
945 2820 996 2893 dit
1021 2818 1177 2885 Emmaus:
1208 2820 1448 2905 „Coeperunt
1472 2822 1650 2907 progressu
1671 2838 1761 2890 tern-

563 2948 590 2981 ,‚
607 2906 701 2989 poris
717 2922 782 2988 pro
800 2903 933 2969 Detont's
954 2901 1108 2987 Praepofitr'
1125 2902 1264 2969 audire:
1286 2902 1460 2987 postremo
1485 2904 1528 2971 ed
1545 2906 1616 2990 jam
1636 2924 1691 2974 res
1704 2926 1761 2973 re·
1818 2936 1830 2957 v

513 3042 518 3048 .
565 3029 591 3064 „
608 2988 764 3062 ciderat,
794 3000 833 3053 ut
857 2986 1041 3052 sacerdotii
1058 2986 1126 3053 hoc
1141 3004 1251 3071 genus
1273 2988 1419 3069 politico
1446 2988 1572 3055 honori
1588 2988 1691 3072 quarn
1710 2990 1762 3058 sa·

567 3114 592 3146 „
608 3071 769 3139 cerdotio
791 3068 928 3135 similius
943 3069 1140 3148 videretur,
1162 3070 1311 3153 ideoque
1324 3090 1343 3137 a
1357 3070 1527 3137 nobilibus
1539 3072 1674 3141 sarniliis
1686 3092 1760 3140 anr-

566 3196 591 3229 ,‚
606 3155 781 3228 blebatur,
803 3152 840 3220 δι
859 3172 880 3219 a
900 3152 1099 3236 patentibus
1113 3152 1228 3236 passim
1247 3154 1318 3238 jam
1340 3154 1383 3221 ad
1405 3154 1589 3224 liberos&
1611 3174 1657 3223 ne
1683 3172 1761 3227 oter

563 3278 589 3313 ‚,
606 3238 853 3313 deserebatur,
883 3254 925 3301 ac
946 3235 1101 3325 legitimo
1125 3238 1161 3303 in
1189 3236 1352 3321 coniugio
1369 3238 1529 3306 viventes
1551 3240 1642 3323 (quo
1686 3242 1761 3324 pati
1797 3278 1801 3289 ·

566 3321 730 3396 „verbm
751 3318 979 3386 sacerdotium
996 3322 1032 3384 in
1053 3336 1161 3405 regno
1177 3320 1353 3403 pontificis
1373 3320 1519 3388 Romani
1535 3340 1605 3389 non
1620 3324 1759 3408 potest)

563 3444 589 3477 ,,
606 3404 699 3471 haud
715 3404 906 3487 respuebat.
922 3403 941 3433 ”
964 3400 1080 3487 Quam
1096 3405 1152 3468 hic
1169 3420 1239 3469 non
1260 3402 1396 3473 aberret
1419 3404 1572 3480 Emmius,
1592 3424 1637 3473 ex
1658 3406 1761 3491 Viglto

563 3489 803 3572 intelligimus,
824 3488 884 3569 qui
900 3487 981 3553 loco
1002 3486 1112 3553 statim
1132 3487 1241 3552 citato
1256 3487 1332 3555 haec
1356 3487 1483 3555 habet:
1518 3488 1664 3556 Duravit
1680 3508 1762 3576 prae·

559 3572 726 3654 possturom
741 3578 773 3635 t'n
793 3569 910 3650 Frifiu,
932 3589 1024 3653 quom
1036 3577 1126 3641 etiam
1137 3570 1210 3635 otihr'
1220 3568 1308 3655 sorte
1327 3577 1435 3636 morito
1444 3570 1532 3655 sotio
1547 3580 1690 3649 retinere,
1711 3580 1761 3640 uti

563 3674 624 3717 run
637 3660 772 3737 ignotos,
793 3654 889 3719 liceat.
929 3653 1013 3719 Non
1033 3653 1152 3719 debuit
1168 3652 1305 3719 Emmt'us
1323 3655 1469 3739 hasprae
1495 3654 1636 3724 ostturas
1656 3656 1762 3723 Sacer-

562 3734 637 3802 dorr'i
656 3757 748 3820 genus
770 3737 965 3821 appellare,
984 3734 1065 3801 cunr
1091 3736 1155 3801 fint
1174 3754 1269 3805 mera
1294 3736 1416 3806 officia.
1488 3752 1502 3804 t
1521 3740 1677 3821 quinimo
1709 3740 1761 3828 ⁰s·

553 3820 671 3901 ficiato
685 3819 805 3895 nostri,
827 3836 974 3900 quorum
991 3832 1084 3886 tanta
1102 3818 1151 3887 est
1168 3818 1352 3887 auctoritas
1368 3840 1409 3888 ac
1422 3820 1612 3905 iurisdictio
1623 3825 1659 3889 in
1672 3842 1718 3891 co
1742 3858 1760 3897 -.

561 3903 737 3979 tentiosts,
767 3916 896 3983 quanta
924 3900 1103 3987 episcopi,
1135 3902 1178 3969 ad
1203 3905 1276 3987 ejus
1302 3904 1481 3971 arbitrium
1502 3904 1539 3973 δι
1562 3922 1685 3973 nutum
1714 3927 1734 3975 a
1807 3944 1836 3961 -·

562 3986 676 4052 officio
697 3984 944 4052 destituuntur:
968 3986 1115 4069 ideoque
1134 3984 1319 4066 Officlalem,
1342 3988 1400 4055 ubi
1422 3988 1595 4057 Canonici
1616 3992 1653 4059 δι
1673 3991 1760 4059 Cle-

474 4104 478 4110 ·
562 4071 627 4136 rici
644 4068 793 4145 desunt,
826 4082 886 4137 aut
910 4069 1023 4137 minus
1043 4071 1115 4154 apti
1139 4068 1217 4136 llint
1235 4071 1367 4156 judicio
1389 4091 1408 4140 e
1434 4070 1560 4157 iscopi‚
1581 4075 1760 4145 bominem

560 4152 627 4219 else
652 4156 900 4301 conjugatum,
932 4141 1022 4220 'nihil
1045 4153 1190 4240 impedit
1213 4154 1320 4223 etiam
1344 4152 1380 4221 in
1408 4090 1527 4241 sselgio
1551 4156 1759 4237 Catholico,

560 4238 716 4319 quamvis
739 4236 750 4301 i
797 4256 875 4303 raro
905 4238 1098 4323 contingat.
1141 4236 1534 4321 Disquisrtionem'suam
1556 4239 1601 4309 de
1618 4240 1766 4327 prepost-¹

561 4327 600 4385 ris
619 4322 667 4385 ita
691 4320 872 4387 concludit
894 4320 1050 4386 Emmr'us:
1080 4320 1225 4396 „Unde
1253 4320 1381 4395 fabum
1407 4336 1566 4407 tempore
1585 4324 1761 4409 sequenti,

558 4444 585 4481 „
602 4419 640 4473 ut
655 4404 788 4473 Decurrit
804 4406 904 4473 velut
925 4404 1214 4491 degenerantibus
1229 4406 1335 4496 magis
1358 4422 1399 4477 ac
1415 4410 1523 4493 magis
1538 4406 1583 4481 ab
1599 4408 1756 4581 institgtio

1647 4528 1671 4575 rt
1711 4510 1760 4561 s*
