3934 5192
268 558 273 563 ι
382 515 780 654 mannan
815 516 1258 620 zulctaantt
1346 540 1428 643 137

225 717 254 789 ς.
266 711 380 809 valde
399 710 513 779 aliena
528 708 571 777 ab
587 710 962 862 efficeraodinalieujnt
979 714 1132 783 muneris
1147 697 1429 811 functionecom-

224 794 474 881 „aperiebam
495 792 553 860 sed
573 794 608 861 sn
632 796 713 865 inde
734 809 964 883 cogitationes
975 815 1068 867 meas
1090 796 1322 893 daparvrtatia
1339 819 1427 869 meae

223 919 254 957 „
270 878 491 946 conscientia
519 875 558 945 dt
586 880 673 945 tanti
693 882 849 949 muneris
873 882 1009 965 pondus
1033 880 1198 965 deprimit
1224 880 1425 966 dejicitque.

221 1003 252 1037 „
269 963 343 1029 Etsr
361 962 455 1030 euim
468 958 600 1042 aliquot
619 979 727 1031 annos
746 965 783 1029 in
803 961 1016 1048 iudicialium
1032 964 1342 1046 controversrarum
1358 966 1425 1031 dis-

225 1088 252 1119 „
270 1047 479 1131 ceptatione
492 1043 646 1111 versatus
661 1044 738 1124 im,
760 1062 863 1130 atque
877 1048 913 1111 in
932 1066 974 1115 ea
981 1064 1085 1130 qnam
1095 1064 1158 1115 not
1175 1047 1300 1113 olimin
1315 1048 1425 1115 Schn-

208 1131 251 1205 *‚,
268 1130 316 1195 iis
330 1129 422 1214 Juris
439 1128 616 1195 scientiam
637 1146 705 1196 una
719 1131 1018 1214 comparavimus,
1040 1130 1181 1215 publice
1193 1132 1424 1215 privatimque

221 1252 252 1289 „
269 1212 436 1279 docenda
456 1209 547 1278 haud
566 1212 712 1297 impigre
731 1232 790 1281 me
806 1214 1041 1291 exercuerim,
1063 1211 1147 1278 illud
1168 1228 1282 1284 tamen
1302 1231 1425 1283 munus

221 1296 428 1379 „utrisque
447 1295 577 1379 majus,
599 1296 948 1379 rerumpublicarum
967 1314 1039 1363 noa
1054 1298 1231 1379 vulgarem
1249 1296 1344 1363 nsum
1363 1316 1424 1381 pe·
1474 1335 1478 1347 ι

223 1418 251 1457 ,,
269 1378 456 1459 ritiamque
473 1378 632 1459 requirit:
651 1376 693 1447 dt
734 1397 914 1464 numquam
930 1378 1212 1464 Jurisprndentiae
1233 1380 1422 1446 adminicu-

223 1502 251 1538 „
266 1464 308 1528 lo
329 1478 411 1529 cum
432 1460 588 1544 primiso
615 1480 654 1528 us
746 1477 819 1539 eat,
840 1478 991 1529 attamen
1010 1463 1094 1531 clim
1112 1462 1423 1531 vicecancellaria·

219 1558 330 1623 „tus
352 1544 510 1628 Imperii,
529 1564 574 1629 pe
609 1565 664 1619 us,
686 1565 741 1623 os,
761 1564 947 1630 manusque
969 1546 1008 1613 sat
1033 1542 1200 1621 Caesaris,
1228 1564 1301 1631 nec
1314 1546 1422 1613 solum

223 1646 252 1705 ;,
268 1630 308 1695 in
321 1626 534 1712 suggerendo
550 1628 708 1703 confilio,
726 1642 967 1696 verumtamen
983 1643 1023 1695 ut
1040 1628 1160 1695 summi
1175 1629 1343 1715 Principis
1354 1630 1422 1715 jus-

223 1750 252 1788 „
269 1710 597 1786 inconvenienter,
616 1728 696 1777 cum
717 1730 805 1796 opus
818 1709 884 1787 eil,
905 1713 1040 1795 eloqui,
1060 1710 1232 1793 scriptove
1248 1714 1424 1796 exprime·

225 1834 252 1869 „
269 1813 310 1863 re
328 1807 450 1879 queat,
471 1794 571 1876 ipsius
589 1792 627 1860 ilt
641 1792 808 1861 officium:
830 1796 866 1861 in
883 1811 1047 1879 utroque,
1069 1796 1257 1878 praesertim
1268 1797 1361 1876 quod
1376 1796 1424 1863 ad

225 1918 252 1955 „
268 1876 519 1946 Germanicam
537 1879 687 1960 linguam
705 1879 877 1961 pertinet,
896 1881 1000 1973 longe
1018 1897 1072 1943 me
1088 1879 1138 1943 illi
1153 1881 1291 1947 muneri
1312 1882 1422 1963 impa-

224 2000 253 2035 „
269 1978 347 2028 rem
358 1960 522 2047 agnosco.
563 1959 701 2027 Deinde
719 1978 806 2027 vero
820 1979 900 2027 cum
918 1964 998 2027 hutc
1020 1961 1192 2032 umbratili
1212 1964 1248 2031 dt
1264 1964 1421 2046 delicatae

228 2083 255 2119 „
269 2045 377 2121 ritae,
400 2040 687 2127 Scholasticaeque
702 2042 810 2125 quieti
825 2061 866 2110 ac
877 2047 966 2111 caelo
982 2042 1195 2111 Germanico
1210 2046 1421 2128 jamdudum

227 2167 253 2202 „
271 2126 502 2200 affuev‘erim,
532 2132 550 2166 ¹*
570 2144 611 2192 ac
631 2126 795 2193 valetudo
821 2129 928 2193 etiam
946 2128 1263 2211 peregrinationum
1288 2128 1423 2197 incom-

228 2250 255 2287 ‚,
272 2211 377 2278 moda
402 2209 684 2294 quotidianasque
712 2212 920 2276 mutationes
950 2208 989 2277 dt
1018 2206 1172 2293 inprimis
1198 2210 1266 2277 His
1284 2213 1421 2279 anicum

229 2313 388 2367 „aerem
415 2292 453 2361 dt
475 2292 601 2359 vinum
625 2290 781 2375 perferre
807 2308 936 2375 queat,
972 2290 1168 2361 subverenr.
1210 2294 1242 2359 A
1292 2312 1342 2362 tec
1364 2314 1420 2364 me

227 2416 257 2452 „
275 2379 379 2443 etiam
399 2376 558 2459 quaedam
585 2376 849 2441 immortalitatis
870 2376 990 2459 opinio
1011 2376 1187 2443 literarum
1208 2376 1324 2445 studiis
1346 2380 1421 2445 alli·

229 2500 256 2536 „
272 2474 348 2545 gat,
368 2461 533 2529 videlicet
548 2458 633 2543 dum
647 2459 764 2540 condo
781 2456 818 2526 dt
833 2476 1009 2543 compono
1024 2477 1100 2543 quae
1117 2478 1198 2527 mox
1208 2461 1420 2544 depromere
1511 2528 1519 2543 ,

230 2584 257 2619 ,,
273 2543 402 2628 polllm.
443 2543 534 2627 Quae
547 2540 627 2607 sane
647 2544 797 2609 rationes
821 2543 972 2609 anianum
989 2560 1103 2607 meum
1121 2562 1185 2626 pro
1205 2545 1346 2613 *humani
1366 2548 1420 2611 in-

230 2666 258 2702 „
273 2627 367 2711 genii
383 2640 506 2692 natura
522 2626 558 2691 in
576 2639 706 2692 tantam
722 2622 959 2693 conditionem
970 2642 1010 2692 ac
1025 2626 1198 2692 fortunam
1215 2625 1365 2695 tretium
1379 2648 1420 2696 ac

228 2719 259 2788 '„
273 2707 506 2795 propensum,
537 2723 663 2775 contra
684 2710 886 2793 reprimunt
927 2704 1086 2775 Alterum
1115 2728 1201 2775 vero
1222 2710 1266 2777 de
1290 2728 1360 2793 qno
1384 2726 1420 2779 te

231 2810 260 2871 „
275 2794 413 2877 rogavi,
432 2790 470 2858 &
489 2808 575 2857 meae
589 2793 748 2860 tenuitati
765 2794 871 2877 magis
887 2804 1114 2876 congrueret,
1136 2792 1173 2866 δι
1190 2792 1273 2859 mihi
1284 2812 1421 2877 quoque

232 2918 259 2954 „
275 2894 347 2944 non
361 2874 465 2959 paulo
484 2874 613 2959 gratius
625 2873 733 2948 foret,
752 2872 935 2949 videlicet,
958 2877 1043 2941 utin
1057 2877 1188 2943 Senatu
1200 2876 1320 2959 patriae
1335 2894 1420 2945 mete

232 3000 258 3036 η
274 2960 412 3035 frma,
442 2956 636 3025 Confiliarii
656 2975 779 3024 munus
800 2958 958 3025 obtinere
981 2959 1068 3035 mihi,
1084 2957 1196 3025 vestro
1217 2960 1358 3027 consuto
1379 2980 1421 3027 ac

231 3084 257 3120 „
298 3042 472 3110 atrocinio
493 3058 514 3107 a
532 3040 689 3107 Caesarea
704 3040 880 3125 Maiestate
902 3042 1034 3109 liceret
1079 3039 1186 3126 Cujus
1208 3044 1342 3109 ratione
1363 3044 1422 3109 ab·

230 3140 258 3204 3,
272 3062 350 3195 Fene
368 3126 500 3192 nullum
522 3125 681 3206 equidem
701 3124 971 3191 emolumentum
993 3122 1151 3208 postulo,
1180 3123 1217 3195 dt
1235 3140 1352 3191 tamen
1370 3129 1423 3192 in-

231 3226 258 3287 ·„
274 3224 372 3279 terea
393 3206 560 3275 Caebreae
573 3204 755 3291 ,Maiestnti
773 3206 1022 3274 <restrictiorem
1042 3225 1097 3273 me
1119 3206 1359 3303 agnoscerem,
1383 3222 1422 3276 ut

231 3308 391 3370 „tamen
412 3290 435 3358 st
454 3289 592 3374 qnando
615 3292 651 3357 in
675 3290 786 3385 patria
811 3308 948 3385 agerem
970 3304 1030 3356 aut
1055 3306 1196 3357 omnmo
1222 3292 1348 3357 morari
1369 3292 1424 3357 in·
1483 3302 1498 3318 ¹·
1590 3380 1597 3395 ι

230 3387 255 3454 3,
271 3376 467 3451 stituerem,
489 3390 570 3440 enm
590 3372 757 3457 digmtate
772 3373 946 3438 ordinario
956 3376 1095 3454 quoque
1111 3390 1151 3439 ac
1166 3374 1343 3439 communi
1354 3392 1423 3441 cae-

230 3473 256 3536 3,
272 3476 428 3527 tenorum
443 3453 561 3523 salario
576 3453 721 3523 fruerer.
752 3455 812 3523 Sic
824 3458 951 3539 quippe
969 3454 1066 3521 isthic
1081 3456 1163 3521 mihi
1176 3456 1265 3539 quast
1281 3471 1423 3539 portum

230 3584 256 3620 „
273 3542 499 3609 constitutum
518 3540 721 3615 crederem,
749 3540 786 3604 in
809 3556 913 3621 quem
930 3540 1218 3605 tumultuantibus
1237 3539 1420 3622 aliquando

229 3638 255 3703 3,
273 3626 376 3694 rebus
393 3624 605 3698 Germaniae,
627 3621 874 3707 confugerem,
895 3621 932 3689 dt
944 3622 1003 3687 ubi
1015 3622 1146 3688 interea
1161 3622 1316 3687 laborum
1326 3642 1422 3689 meo·

229 3726 351 3787 „rum
376 3706 610 3774 emolumenta
635 3703 858 3790 deponerem.
899 3706 951 3773 Ex
973 3704 1184 3773 Conliliariis¹
1198 3707 1274 3787 ‚ejus
1302 3704 1419 3775 Curiae

229 3803 257 3877 „
275 3793 347 3861 duo
364 3808 475 3875 nuper
495 3805 690 3861 extremum
706 3788 798 3855 diem
817 3786 928 3855 foniti
947 3787 1039 3865 sunt,
1060 3788 1162 3856 ambo
1182 3788 1264 3855 mihi
1278 3808 1343 3873 pro
1369 3791 1421 3856 in·

230 3917 256 3953 ‚,
273 3892 341 3961 qua
363 3874 572 3958 cognatione
592 3872 711 3957 juniii,
750 3872 862 4019 Eques
877 3890 989 3946 unus,
1021 3870 1109 3937 alter
1127 3870 1259 3939 Dotlor
1279 3872 1316 3937 ab
1338 3809 1421 3937 Bur«

147 4030 152 4033 ,
223 3978 258 4035 ’,,·
274 3963 377 4025 martia
396 3957 652 4043 cognominati,
671 3955 763 4022 unde
796 3956 883 4021 acile
898 3957 1014 4022 locum
1029 3972 1154 4021 vacare
1198 3968 1278 4032 uto,
1299 3952 1322 4020 st
1344 3974 1420 4022 mo·

96 4055 97 4068 ¹
146 4114 152 4125 ,
216 4083 258 4124 ,,,
274 4042 321 4112 do
341 4040 455 4109 vestra
471 4038 626 4124 suffragia
648 4036 819 4107 Caesarem
843 4039 925 4106 mihi
945 4056 1012 4121 pro
1038 4037 1136 4103 itium
1174 4052 1325 4107 tuerent.
1358 4038 1421 4105 Par

96 4145 97 4160 ¹
232 4166 258 4203 „
274 4140 372 4193 trans
387 4138 503 4192 autem
516 4140 612 4190 mens
625 4122 786 4189 Decanits
796 4120 878 4187 olim
894 4052 1044 4204 Hagmsss
1059 4119 1101 4187 ab
1117 4118 1273 4186 Saxam
1285 4134 1421 4205 tempo-

231 4208 367 4287 „ribus
382 4208 525 4291 triginta
544 4222 651 4279 annos
674 4204 891 4282 Consularii,
921 4202 985 4283 dt,
1013 4216 1053 4267 ut
1071 4217 1155 4271 tunc
1174 4204 1421 4287 loquebantur,
1471 4219 1473 4223 ·

233 4330 260 4368 ‚,
274 4292 437 4377 Regentis
459 4289 571 4356 Frissae
593 4288 708 4359 officio
730 4286 864 4355 fundus
887 4286 953 4365 est,
973 4284 1258 4382 fideliffrmamque
1277 4306 1420 4372 operam
1517 4336 1538 4353 ,.

233 4387 259 4453 ᾗ,
275 4376 443 4477 Caesareae
457 4372 626 4458 Maieliati
642 4374 680 4462 in
704 4390 748 4465 ea
765 4370 951 4520 obri-gentle
970 4368 1421 4539 compescendtsquevlarri?

1299 4490 1326 4533 l!
1407 4486 1424 4507 “
