3934 5192
777 431 812 522 P
869 428 914 520 R
973 425 1031 520 AE
1085 423 1123 518 F
1181 427 1227 522 A
1284 427 1334 522 T
1389 429 1411 522 I
1467 431 1526 527 Ο.

427 625 431 634 “
556 631 614 726 D.
632 625 832 744 Johasmis
851 626 901 709 de
922 621 1037 712 Witt
1054 617 1346 726 Dordraceni‚
1371 624 1607 716 Confiliarii
1630 628 1768 724 Sena·

558 769 627 834 tus
643 743 804 831 Rerum
827 735 996 837 Status,
1026 763 1074 822 ac
1100 734 1278 848 praesrdis
1300 737 1493 830 Camerae
1523 738 1768 836 Rationum

560 857 827 970 Belgicarum
846 849 1083 950 Bruxeilis‚
1114 853 1187 964 qui
1209 853 1411 942 eumdem
1440 855 1661 946 nobiscum
1689 860 1769 948 hu-

560 967 790 1060 maniffime
808 965 1164 1068 communicavit,
1194 969 1237 1052 &
1266 995 1379 1080 quo,
1408 991 1624 1081 tamquam
1651 975 1769 1088 prio·

560 1087 617 1172 ris
640 1082 799 1170 codicis
818 1078 946 1165 nostri
964 1099 1176 1192 perpetuo
1192 1105 1556 1184 commentatore,
1585 1084 1682 1172 usus
1700 1087 1768 1176 su-

561 1225 658 1287 mus
684 1196 728 1280 in
758 1193 871 1278 notis
900 1191 1072 1294 nostris,
1103 1191 1294 1281 adhibito
1324 1195 1461 1282 altero
1484 1197 1670 1304 ejusdem
1699 1201 1770 1289 A·

563 1314 697 1398 driani
721 1307 911 1394 Gaudani
941 1305 1176 1419 exemplari
1203 1307 1518 1423 manuscripto,
1561 1311 1680 1426 quod
1718 1317 1768 1402 in

562 1421 838 1537 supradidiam
872 1417 1171 1512 bibliothecam
1211 1420 1349 1534 palatii
1380 1423 1768 1542 Archiepiscopalis

563 1533 875 1636 Mechliniensrs
903 1534 1043 1621 intulit
1058 1533 1239 1649 Joannes
1263 1533 1444 1650 Baptista
1471 1539 1521 1623 de
1549 1537 1656 1661 Virq
1676 1541 1779 1649 De·

563 1677 692 1742 canus
713 1646 910 1738 Ecclesia
935 1645 1199 1736 Cathedralis
1218 1644 1451 1764 Burgenfis.

621 1763 698 1852 IX.
728 1759 1198 1872 SuffridusPetrr‘,loco
1215 1761 1336 1876 supra
1345 1761 1530 1852 indicato
1539 1763 1766 1884 descript.

486 1894 490 1918 ⁴
564 1875 727 1980 Frifiae,
755 1901 844 1964 non
864 1903 919 1963 ex
942 1878 1083 1988 priore
1101 1875 1249 1962 codice
1269 1875 1436 1980 nostro,
1465 1877 1537 1966 sed
1562 1908 1619 1967 ex
1640 1879 1765 1991 hujus

565 1991 745 2112 Adriani
778 1989 968 2076 Gaudani
992 1989 1302 2075 commentario
1332 1987 1498 2094 hausit,
1537 2017 1670 2106 prout
1702 2025 1765 2084 ex

566 2105 780 2218 utriusque
808 2101 1036 2192 collatione
1062 2100 1276 2204 constitit,
1315 2104 1430 2190 &in
1466 2111 1580 2192 notis
1608 2105 1764 2196 nostris

566 2219 822 2307 ostendetur.
881 2211 999 2302 Idem
1019 2212 1107 2302 esto
1125 2213 1330 2322 judicium
1353 2213 1409 2302 de
1441 2215 1628 2306 Gisberto
1650 2215 1769 2337 Lap-

562 2341 656 2446 pio,
687 2333 758 2446 qui
780 2328 833 2417 ad
867 2325 1036 2436 Suffridi
1054 2325 1183 2448 §Petri
1207 2327 1488 2442 appendicem
1514 2331 1567 2420 ad
1595 2331 1768 2423 Hedum

565 2475 660 2563 pag.
697 2453 733 2556 5ss
752 2443 841 2530 haec
866 2445 920 2528 ad
951 2439 1184 2553 marginem
1206 2440 1374 2549 adjecit:
1404 2504 1430 2546 „
1457 2439 1631 2559 Viglius
1661 2446 1767 2536 Zui·

565 2619 596 2666 „
625 2559 800 2646 chemus
820 2555 862 2640 in
872 2553 977 2650 Vita
997 2553 1066 2641 sua
1085 2581 1213 2668 quam
1228 2551 1415 2672 Lappiua
1426 2553 1524 2645 MS.
1543 2557 1761 2666 adstruat,

565 2731 598 2780 „
626 2675 704 2760 ait:
735 2667 945 2782 Pre'ncr'pio
965 2668 1125 2782 quidem
1154 2667 1321 2774 (miffus
1338 2667 1397 2756 est
1412 2666 1519 2759 Dux
1536 2671 1768 2786 Albanus)

565 2843 597 2892 ‚‚
625 2813 714 2874 cum
734 2783 922 2898 potestate
940 2779 1153 2894 Capitanei
1174 2781 1395 2895 generalis,
1423 2781 1565 2871 relidd
1587 2785 1701 2874 Duri
1729 2815 1763 2873 ae

404 2931 414 2940 ·
566 2960 596 3007 „
626 2903 644 3006 (
656 2899 900 3012 Margaretae
920 2891 1159 3002 Parmensi)
1185 2893 1519 3004 admosti-atione
1542 2905 1583 2983 r'n
1605 2907 1655 2988 iis
1673 2927 1770 3015 quae

558 3073 597 3121 ,,,
626 3012 813 3102 militiam
828 3037 903 3096 non
923 3003 1215 3096 concernebam.
1258 3007 1414 3098 Verrim
1440 3008 1514 3095 illa
1538 3012 1765 3130 intelligens

568 3185 598 3232 „
627 3155 717 3214 cum
741 3122 916 3234 consorte
944 3127 1107 3234 imperii
1132 3123 1200 3206 diu
1226 3125 1468 3210 concordiam
1491 3123 1662 3232 constare
1684 3153 1763 3214 non

569 3303 599 3349 „
624 3239 755 3357 poffe,
784 3234 948 3322 licentia'
962 3265 990 3318 a
1017 3233 1150 3348 Regia
1174 3231 1377 3345 majestate
1409 3232 1572 3323 obtenta‘
1611 3237 1663 3325 ub
1691 3244 1764 3328 ini·

570 3417 600 3464 ,‚
630 3367 731 3442 tium
754 3350 920 3440 Caleud.
938 3347 1140 3466 Januarii
1162 3351 1203 3433 in
1231 3345 1400 3434 Italiam
1421 3347 1541 3450 abur,
1649 3361 1767 3468 cique

570 3529 600 3576 „
628 3467 788 3556 Albano
805 3464 970 3580 plenam
987 3461 1217 3575 potestatem
1234 3488 1279 3545 re
1305 3465 1395 3547 endi
1415 3461 1489 3550 has
1512 3458 1770 3576 provincius}

570 3643 600 3689 „
629 3589 687 3668 ita
697 3578 811 3692 Rege
821 3574 1010 3688 jubente,
1028 3573 1205 3687 reliquit.
1228 3582 1256 3623 ‘⁴
1323 3601 1382 3662 aec
1398 3575 1530 3666 verba
1549 3573 1774 3683 V1GL11,·

524 3796 525 3805 Ν
571 3697 601 3785 fi
620 3717 763 3784 tamen
793 3697 880 3797 ejus
909 3687 1024 3788 sunt,
1054 3687 1098 3772 in
1127 3683 1276 3774 codice
1310 3682 1452 3774 nostro
1487 3685 1635 3780 frustra
1657 3721 1768 3806 quae·

570 3837 653 3908 aas.
711 3801 800 3896 Sed
831 3801 1009 3890 Adriani
1038 3797 1228 3888 Gauduni
1264 3799 1573 3889 commentario
1604 3805 1743 3893 insunt
1748 3834 1767 3910 ς

569 3924 685 4012 unde
724 3914 935 4030 colliges,
970 3913 1089 4028 quod
1128 3938 1258 4112 {ruam
1289 3911 1356 4000 La
1381 3921 1474 4028 pius
1513 3913 1767 4008 adservabat

571 4046 698 4125 viram
730 4029 834 4120 MS.
860 4056 910 4118 ea
926 4027 1106 4117 Adriani
1149 4027 1267 4116 uerit.
1373 4055 1423 4114 ec
1451 4026 1683 4142 quidquam
1706 4028 1765 4118 fa

571 4154 630 4240 cit
661 4145 778 4263 quod
816 4143 937 4257 supra
970 4139 1303 4255 agnoverimus,
1337 4137 1457 4227 illum
1494 4137 1622 4253 Ifacio
1655 4141 1766 4232 Pon·

569 4286 662 4353 rano
699 4256 873 4350 frustum
909 4252 1082 4347 misrffe:
1117 4250 1203 4342 hoc
1233 4253 1346 4341 enim
1371 4248 1558 4351 frustum
1598 4257 1766 4346 tamin

1653 4368 1770 4459 codi-
