3934 5192
378 522 447 585 n
488 428 773 606 Annua
822 463 1269 602 zurbuuni.
1363 528 1440 589 101

230 726 261 765 ,‚
274 684 398 753 riisrme
420 684 459 752 ἃ
479 703 550 751 non
572 683 631 749 nis
657 678 791 769 abipso
815 684 974 781 principe
995 676 1143 751 obtineri
1169 682 1266 755 solet.
1308 688 1443 755 Verum

232 813 261 846 ,,
278 788 319 837 ea
346 770 387 844 i,
408 784 591 852 antequam
611 782 649 833 tu
672 767 799 849 aliquid
821 786 855 831 tn
877 784 937 834 eos
955 772 1163 847 contuleris,
1184 771 1263 847 fiat,
1284 773 1374 838 haud
1395 776 1444 841 ita

225 864 259 928 ·;,
276 870 402 938 magua
417 853 508 928 erit,
528 868 608 917 cum
620 852 719 936 juxta
737 850 921 917 facultates
944 866 1092 919 taxetur.
1134 854 1189 921 De
1208 874 1277 937 quo
1300 875 1445 923 monen-

231 979 258 1014 „
276 938 363 1003 dum
378 951 413 1001 te
427 934 514 999 duxi
531 950 715 1016 antequam
735 934 918 1017 quicquam
939 936 998 1000 hic
1020 952 1129 1014 emita,
1152 940 1245 1019 quod
1259 939 1301 1005 ad
1317 928 1444 1007 liberos

228 1038 256 1097 3,
274 1019 465 1105 pervenire
481 1018 599 1103 postea
613 1018 709 1084 velis.
750 1018 831 1083 Non
849 1016 980 1100 possum
1010 1034 1127 1085 autem
1153 1038 1223 1086 non
1250 1038 1285 1088 te
1303 1041 1444 1107 rogare,

230 1147 258 1181 „
275 1103 323 1171 δι’
340 1103 498 1194 hortari²
532 1114 574 1167 ut
606 1101 743 1165 iiiorum
772 1102 940 1166 rationem
965 1102 1101 1171 habeas.
1141 1102 1319 1187 Postquam
1351 1124 1443 1173 enim
1552 1130 1555 1135 ·

231 1204 258 1264 ·‚‚
276 1189 333 1253 eis
350 1188 434 1253 vitae
452 1186 578 1251 author
590 1180 703 1260 fuisti,
722 1196 844 1249 natura
863 1184 934 1249 obli
979 1198 1047 1251 tut
1063 1204 1129 1269 pro
1145 1184 1364 1255 facultatibus
1377 1192 1445 1261 tuis

230 1286 258 1351 3,
272 1288 352 1335 non
372 1269 456 1334 sinas
475 1270 525 1335 eis
551 1268 660 1334 deesse
680 1267 747 1333 sine
766 1266 888 1350 quibus
911 1268 969 1333 iia
993 1270 1178 1336 commode
1205 1288 1274 1337 non
1292 1272 1446 1359 transigi-

232 1369 260 1433 ·„
275 1369 365 1430 tur,
391 1351 581 1435 praesertim
600 1368 681 1417 cum
706 1352 833 1435 propin
857 1368 981 1419 uorum
1005 1352 1175 1419 neminem
1192 1356 1315 1441 injuria
1334 1356 1446 1438 aliqua

233 1480 260 1514 ‚,
275 1437 321 1503 fis
338 1435 538 1512 affesturus,
558 1451 665 1529 eaque
686 1450 765 1530 qua
786 1370 928 1519 podda
948 1450 1012 1501 tuo
1036 1434 1110 1503 sere
1126 1436 1247 1507 labore
1265 1456 1383 1523 parta,
1403 1441 1445 1505 il-

232 1522 402 1603 „·i⁰sque
418 1518 527 1583 muita
541 1516 778 1584 munificentia
792 1518 1067 1601 liberalitateque
1079 1535 1181 1587 autea
1193 1522 1251 1589 abs
1260 1536 1295 1588 te
1304 1522 1445 1591 affectos

233 1646 260 1682 ‚,
278 1602 431 1672 essenon
449 1601 616 1670 dubitem.
633 1633 638 1645 ·
656 1599 790 1667 Adhaec
807 1601 871 1668 scis
885 1601 950 1667 iilis
960 1601 1006 1668 de
1017 1604 1092 1686 iure
1105 1602 1149 1669 ab
1165 1604 1326 1673 intestato
1340 1608 1445 1675 trien·

233 1729 261 1766 ‚,
280 1702 354 1755 tem
369 1685 500 1752 deberi.
542 1682 778 1768 Quamobrem
798 1700 835 1752 te
862 1686 929 1750 illis
951 1684 1065 1769 quaeso
1096 1684 1284 1772 benignum
1309 1704 1445 1774 patrem

235 1811 263 1848 „
279 1768 431 1845 exhibe,
461 1786 569 1851 eaque
588 1784 657 1833 uon
675 1766 806 1855 denega
823 1768 963 1835 subsidia
979 1770 1102 1853 quibus
1123 1770 1230 1859 adjuti
1254 1774 1363 1839 vitatu
1381 1774 1446 1839 ho·

237 1896 265 1933 „
281 1853 406 1922 nauus
420 1852 604 1919 traducere
622 1866 762 1933 queant.
804 1851 912 1937 Quod
928 1851 951 1917 ss
967 1866 1102 1929 autem,
1122 1868 1162 1919 ut
1184 1854 1389 1923 constituisse
1410 1872 1446 1925 te

237 1980 264 2017 ,‚
280 1935 471 2011 recordor,
492 1935 638 2017 aliquam
658 1936 831 2004 bonorum
846 1950 980 2020 partem
999 1936 1035 2001 in
1054 1938 1130 2022 pios
1145 1936 1223 2005 usus
1235 1956 1448 2007 convertere

236 2062 264 2099 „
278 2019 450 2097 volueris,
469 2019 623 2103 cogitavi
648 2034 786 2084 mecum
806 2034 972 2103 nusquam
997 2020 1033 2086 id
1053 2018 1177 2087 rectius
1198 2040 1299 2106 quam
1322 2025 1358 2088 in
1385 2042 1447 2107 pa-

239 2106 348 2181 „tria
367 2118 428 2170 tua
448 2102 523 2169 fieri
544 2100 648 2186 posse.
690 2100 780 2167 Nam
809 2100 847 2169 &
870 2091 1050 2169 isli‘etiam
1075 2102 1202 2187 aliquid
1228 2106 1350 2173 deberi
1375 2125 1446 2177 non

239 2190 295 2266 „i
341 2204 437 2261 oras,
458 2186 722 2269 necquicquam
746 2186 1033 2252 honorificentius
1059 2185 1175 2257 facere
1199 2208 1321 2271 queas,
1343 2208 1446 2274 quant

237 2316 264 2349 ,‚
280 2206 414 2337 ffnam
422 2270 592 2336 bellorum
608 2266 808 2351 tempestate
824 2270 976 2352 graviter
994 2268 1149 2335 afflictam
1170 2284 1232 2337 tuo
1253 2274 1366 2356 aliquo
1380 2274 1445 2341 be·

184 2420 190 2427 ,
238 2397 265 2431 ,,
281 2353 406 2422 neficio
421 2352 586 2421 subleves.
628 2351 761 2419 Adhaec
778 2350 859 2417 cum
875 2350 978 2419 sciam
992 2366 1120 2436 quanto
1136 2352 1269 2439 semper
1286 2356 1363 2423 zelo
1376 2356 1446 2423 Re·

239 2478 266 2515 „
281 2438 447 2522 ligionem
463 2435 681 2505 Catholicam
703 2435 832 2501 foveris
845 2456 852 2501 :
865 2473 868 2477 -
882 2434 1060 2503 ostendam
1086 2438 1300 2505 occasionem
1322 2458 1387 2523 qua
1408 2438 1446 2507 dc

240 2562 266 2599 ‚,
281 2523 326 2589 de
339 2521 452 2607 patria
468 2520 506 2589 &
526 2519 570 2585 de
586 2520 720 2584 civibus
740 2519 865 2602 propin
889 2520 1009 2668 uisque
1027 2521 1112 2597 tuis,
1132 2520 1171 2589 &
1189 2520 1284 2589 simul
1298 2523 1342 2591 de
1366 2522 1446 2589 resi·

240 2648 266 2682 „
282 2607 385 2692 gione
401 2622 503 2687 quam
519 2603 649 2688 optime
669 2620 835 2669 mereare.
912 2603 948 2667 ui
961 2620 1017 2669 am
1039 2603 1312 2688 Luxemburgmfis
1330 2608 1448 2673 Duca-

240 2729 266 2765 ,,
283 2706 356 2763 tus,
378 2688 620 2754 Comitatusve
639 2686 836 2768 Cbiomrmfit
849 2686 999 2753 scholam
1020 2686 1142 2761 habet,
1164 2702 1231 2771 qua
1246 2691 1371 2756 incolae
1387 2692 1448 2757 vei

240 2813 266 2848 „
283 2776 318 2837 in
337 2772 448 2838 literis
460 2771 521 2836 vel
540 2771 575 2834 iu
589 2768 763 2855 religionis
781 2770 984 2837 rudimentis
1002 2786 1130 2852 queant
1145 2770 1274 2841 instrui.
1316 2774 1363 2839 Ea
1387 2790 1448 2841 au·

240 2872 354 2933 „tem
373 2874 450 2939 quae
471 2852 608 2919 Treviris
624 2853 658 2917 in
675 2852 872 2937 propinquo
892 2852 956 2920 eise
968 2852 1071 2931 solet,
1092 2869 1169 2921 tota
1183 2874 1274 2939 pene
1292 2857 1443 2925 inreriit:

239 2980 266 3016 ,‚
282 2957 349 3007 nec
365 2937 580 3023 contagionis
594 2936 752 3020 periculo
771 2951 868 3002 caret
878 2981 890 3014 ‚
909 2937 961 3003 uti
978 2935 1153 3019 superiore
1175 2958 1265 3005 anno
1283 2939 1443 3007 vidimus.

239 3066 265 3099 „
280 3022 413 3107 Quidst
428 3023 553 3107 igitur,
574 3020 622 3085 mi
634 3018 768 3094 Herus,
789 3020 864 3085 haec
875 3018 937 3085 tibi
953 3020 1071 3086 relista
1086 3022 1124 3087 fit
1139 3024 1281 3089 materia
1295 3025 1443 3106 inquam

241 3146 267 3183 ,‚
282 3120 377 3174 tuam
391 3104 654 3173 beneficentiam
671 3108 854 3170 exerceas?
876 3102 957 3169 Non
973 3104 1095 3171 desunt
1115 3120 1229 3171 autern
1251 3108 1312 3171 tibi
1326 3125 1446 3173 exem-

242 3192 341 3275 „pla
359 3204 498 3257 tuorum
519 3202 848 3263 conterraneorum,
869 3188 927 3268 qui
944 3186 1038 3253 idem
1062 3202 1163 3253 antea
1182 3187 1364 3263 fecerunt,
1386 3190 1445 3256 sed

239 3306 265 3351 2,
281 3289 381 3339 extra
405 3272 564 3357 patriam.
605 3271 697 3336 Nam
722 3268 918 3338 &Lavatris
945 3272 1038 3336 clara
1067 3271 1179 3336 adhuc
1208 3270 1256 3337 est
1279 3274 1445 3339 memoria

234 3372 267 3433 ·‚,
283 3356 458 3441 Hieronymi
481 3354 631 3438 Buflidt'r',
668 3372 708 3420 ac
740 3352 870 3419 Nitoloi'
888 3352 1010 3417 Rutteri
1041 3352 1201 3437 Episcopi
1225 3354 1443 3437 Atrebatmsss:

241 3482 265 3517 ,‚
281 3458 429 3523 quorum
451 3439 508 3503 iiie
526 3438 699 3519 Trilingue,
727 3437 816 3501 aiter
837 3434 1028 3584 Am'ff
1050 3438 1121 3503 iilic
1145 3436 1445 3507 fundabitrColle-

238 3566 264 3600 „
281 3526 386 3609 gium.
429 3522 545 3588 Habes
569 3538 706 3603 quoque
731 3520 928 3601 exemplum
998 3520 1084 3584 {sosoi
1112 3519 1224 3605 Casani
1251 3520 1446 3591 Cardinalis

238 3650 264 3685 „
282 3604 500 3679 meritissimi,
530 3608 627 3691 cujus
647 3602 815 3669 beneficia
836 3605 871 3667 in
894 3600 1024 3668 scholas
1044 3601 1158 3686 passim
1176 3620 1306 3672 extant.
1349 3605 1440 3673 Ciam

237 3734 266 3769 ,‚
284 3693 388 3776 igitur
402 3691 476 3757 tibi·
489 3688 577 3755 tedes
598 3706 639 3754 ac
659 3686 805 3751 fundum
824 3700 1007 3768 paternum
1029 3686 1157 3751 Artena
1177 3688 1241 3754 esse
1262 3690 1444 3770 aliquando

241 3818 268 3851 ‚‚
285 3774 469 3841 audierim:
502 3779 658 3838 cur-tion
677 3772 750 3836 illic
770 3769 914 3852 potius,
948 3788 1050 3851 quam
1073 3771 1153 3835 aiibi
1172 3772 1221 3836 tui
1242 3774 1444 3839 memoriam

240 3900 269 3937 „
288 3856 528 3923 constabilias?
556 3855 695 3920 Vivitur
710 3852 837 3936 quippe
861 3853 909 3917 ibi
929 3871 1058 3935 parvo,
1082 3853 1118 3919 δι
1136 3855 1323 3921 mediocria
1341 3860 1447 3941 magi·

231 3972 270 4017 ·„
288 3940 358 4007 stris
384 3938 550 4023 stipendia
573 3936 765 4013 sufficient,
796 3951 863 4001 nec
889 3936 980 4001 aedes
999 3938 1102 4010 etiam
1121 3937 1142 4000 sr
1164 3941 1207 4003 de
1224 3957 1318 4005 novo
1339 3941 1446 4007 aediti-

205 4088 214 4109 ,
243 4066 269 4101 ,,
286 4025 403 4093 candae
424 4037 545 4098 erunt,
568 4040 692 4106 magno
715 4018 927 4086 constabunt
969 4020 1014 4083 Et
1038 4019 1120 4083 sr-ad
1142 4021 1289 4102 aliquem
1312 4021 1446 4091 discen·

170 4136 174 4142 ·
242 4109 371 4185 „tium
389 4124 571 4172 numerum
586 4104 849 4172 beneficentiam
865 4103 1054 4168 extendere
1074 4104 1244 4181 volueris,
1266 4110 1396 4188 poteris
1409 4112 1445 4173 in

243 4232 271 4265 „
287 4210 322 4257 ea
339 4191 506 4276 praeferre
527 4208 613 4265 eos,
643 4190 701 4271 qui
726 4186 851 4252 vel-ob
873 4186 1135 4269 cognationem,
1157 4188 1214 4253 vcl
1237 4191 1443 4265 amicitiam,

247 4313 272 4347 „
288 4279 341 4342 vel
356 4266 520 4342 biciniam
537 4274 703 4356 gratiores
718 4270 779 4337 tibi
793 4286 906 4335 erunt.
947 4268 1077 4334 Verum
1091 4270 1146 4335 hic
1161 4290 1227 4356 ego
1245 4274 1343 4339 nimis
1358 4276 1445 4337 mui-

236 4392 273 4438 ,Ι
287 4376 318 4428 ta
337 4376 440 4429 extra
460 4375 533 4425 rem
553 4357 611 4426 abs
634 4371 669 4425 te
690 4353 921 4506 propoiiffim:
956 4368 1037 4419 cum
1052 4352 1140 4421 illud
1159 4370 1290 4423 tantum
1310 4356 1447 4451 quaesto

881 4452 902 4521 3
1338 4478 1362 4516 n
1380 4458 1445 4523 1⁸18,
