3934 5192
553 496 617 597 tu
741 488 964 589 uerte
998 512 1074 587 nn
1106 475 1358 605 urrunnu
1389 458 1631 595 virdun

562 729 588 765 „
602 686 789 765 indueret,-
802 702 844 755 ac
857 681 1034 761 intellectu
1047 685 1226 757 literarum
1238 684 1419 767 tutillam,
1438 683 1634 771 scalpente
1653 683 1775 759 ΜΒ

557 770 835 849 „incumberet
872 770 965 840 Nam
980 768 1039 839 illa
1058 773 1170 857 prima
1184 786 1285 851 etas,
1307 770 1426 840 secura
1439 768 1554 839 adbuc
1570 769 1696 839 future
1718 772 1776 840 vi·

563 898 588 931 „
605 872 671 934 tae,
692 871 759 922 nec
774 854 895 938 inopia
911 854 1185 924 tutneceilitate
1200 856 1252 924 rei
1271 854 1448 923 familiaris
1466 852 1662 939 compulsa,
1682 854 1773 923 leri-

558 980 590 1015 .„
608 954 664 1007 ter
680 938 763 1005 :fere
788 957 872 1023 etqa
898 937 1008 1007 studia
1035 936 1195 1009 efficitur.
1236 940 1395 1009 Tandem
1423 938 1483 1006 ubi
1509 938 1607 1009 videt
1634 936 1774 1006 cursum

552 1062 588 1101 a»
605 1021 813 1091 fleetendum
832 1020 913 1100 elle,
936 1022 997 1089 ubl
1015 1021 1143 1091 honori
1159 1022 1432 1100 inserviendum,
1453 1022 1513 1089 ubi
1527 1022 1643 1089 varios
1656 1040 1773 1106 mqua-

554 1148 585 1181 ω
602 1107 687 1175 lium
705 1118 854 1173 couatue
867 1104 905 1173 dt
926 1102 1093 1186 succellur
1113 1104 1262 1193 aspicit:
1296 1106 1534 1193 sepenumero
1549 1104 1659 1189 polita
1685 1104 1773 1173 rdo-

555 1230 586 1264 .‚,
603 1189 777 1258 lescentiae
799 1190 935 1257 incuria
959 1189 1112 1258 animum
1135 1190 1309 1271 resumit,
1346 1190 1515 1277 preteriti
1536 1190 1707 1273 temporis
1719 1194 1772 1275 ja·

560 1314 587 1349 n
603 1274 736 1343 &uram
759 1290 832 1340 non
856 1272 1044 1341 infeliciter
1059 1276 1210 1345 resarcit.
1252 1277 1335 1363 Quo
1367 1270 1507 1359 quidem
1530 1272 1590 1339 ille
1610 1272 1769 1339 nondum

557 1396 587 1433 ,‚
602 1356 788 1443 pervenit:
809 1355 869 1423 led
884 1371 1001 1425 tamen
1023 1374 1090 1443 ego
1111 1376 1159 1427 ne
1175 1376 1270 1427 nunc
1288 1356 1448 1443 quidem,
1468 1358 1504 1423 in
1521 1356 1613 1423 illius
1635 1356 1767 1425 adoler-

414 1496 418 1508 ,
559 1480 587 1516 n
603 1444 757 1510 centiam
766 1440 1085 1539 intutum-penitus
1101 1442 1165 1511 des
1206 1461 1282 1513 rare
1294 1442 1440 1529 polium.
1480 1438 1530 1510 At
1543 1438 1649 1519 dicis,
1670 1440 1770 1507 surd-

559 1562 586 1599 „
602 1524 847 1593 monuitlesde
865 1522 981 1593 mem
1006 1526 1077 1595 enii
1100 1540 1154 1593 tur
1180 1528 1279 1605 tate,
1298 1526 1357 1595 alli
1374 1527 1426 1595 rei
1448 1542 1529 1593 eum
1546 1522 1771 1593 dellinaliem.

560 1647 588 1681 n
602 1608 687 1677 Non
701 1604 876 1677 diffitebor
892 1608 942 1675 mi
995 1628 1158 1677 munt:
1189 1608 1279 1697 sepe
1297 1627 1380 1679 cum
1398 1610 1490 1676 illius
1505 1608 1644 1695 ingenio
1661 1607 1769 1675 lucta-

558 1729 586 1764 „
604 1708 660 1762 tus
679 1692 769 1769 lum,
783 1687 829 1761 dc
847 1708 920 1759 non
937 1710 1052 1777 pauca
1066 1694 1151 1761 mihi
1165 1693 1203 1761 in
1222 1705 1266 1763 e‘o
1283 1693 1551 1780 displicuerunt,
1571 1709 1653 1775 quae·
1673 1692 1769 1775 equi·

554 1815 585 1851 a,
602 1778 683 1845 dem
710 1774 835 1843 frustra
853 1772 943 1862 sepe
968 1777 1153 1847 emendare
1184 1790 1331 1847 conatus
1356 1774 1442 1845 lum.
1483 1774 1554 1845 Sed
1567 1773 1652 1859 quid
1671 1774 1769 1843 face·

561 1899 587 1933 n
604 1864 707 1927 rem?
736 1858 871 1928 Dubius
891 1876 1007 1929 erun:
1037 1860 1060 1927 il
1082 1861 1094 1929 i
1120 1860 1193 1928 lum
1211 1856 1465 1948 interrogabam
1484 1876 1566 1925 num
1585 1858 1767 1926 literarum

555 1982 588 2018 ,ιι
603 1941 712 2022 lindie
735 1942 833 2026 perse
880 1943 893 2008 i
912 1945 1046 2039 animus
1064 1879 1164 2023 ufer,
1185 1944 1317 2031 ajebat,
1339 1944 1511 2012 maxime:
1541 1940 1685 2038 iteum
1705 1960 1770 2037 vq-

555 2064 586 2099 η
604 2041 678 2093 tum
692 2041 829 2119 perpen
854 2025 971 2105 elram,
994 2026 1077 2093 nihil
1098 2027 1205 2115 magia
1218 2043 1254 2097 te
1271 2042 1395 2116 optare
1408 2028 1511 2111 quim
1531 2038 1570 2095 ut
1590 2024 1650 2093 rlle
1671 2042 1710 2091 tn
1726 2024 1769 2091 lr-

555 2148 585 2187 0,
603 2111 686 2178 teris
712 2108 852 2193 aliquod
876 2128 1004 2179 nomen
1023 2111 1321 2196 consequeretur,
1350 2108 1679 2199 animadvertebam.
1722 2108 1768 2176 Et

558 2233 585 2271 ‚‚
601 2212 684 2261 cum
705 2192 956 2278 ingenii-dotes
974 2194 1073 2263 labor
1088 2196 1292 2280 plerumque
1311 2196 1768 2281 suppleatmounumquam

559 2318 587 2352 ι,
603 2278 708 2345 etiam
724 2274 969 2348 adolescentie
985 2278 1071 2347 vitia
1089 2279 1257 2349 maturior
1282 2293 1364 2347 retes
1387 2278 1526 2347 deleat:
1564 2274 1682 2362 Egone
1707 2275 1770 2343 de·

557 2400 588 2443 ‚n
604 2359 745 2434 bebatur,
765 2358 802 2431 δι
822 2375 948 2428 contra
964 2362 1039 2446 eJue
1058 2360 1273 2447 propollturu
1297 2360 1335 2433 δι
1358 2376 1457 2431 tuum
1480 2358 1682 2427 desiderium
1708 2378 1776 2425 aru-¹

554 2482 587 2523 ⁴,
604 2444 684 2512 thor
703 2440 793 2521 elle,
816 2457 855 2509 ut
876 2443 920 2513 ab
939 2443 1118 2512 literarum
1141 2444 1257 2515 studiis
1283 2464 1364 2514 eum
1381 2447 1576 2512 avocaret?
1601 2443 1685 2511 Scio
1700 2444 1769 2509 ali·
1831 2508 1833 2518 ,

557 2566 585 2602 ,,
600 2545 687 2611 quos
715 2528 777 2611 qui
806 2526 876 2609 hoc
901 2525 1077 2595 suaserunt
1099 2530 1317 2622 parentibus:
1351 2527 1409 2597 sed
1433 2526 1607 2610 utrimque
1638 2526 1767 2593 malam

558 2646 586 2687 „
603 2608 754 2681 retulere
777 2608 935 2694 gratiam.
974 2610 1020 2678 Et
1037 2628 1118 2679 cum
1140 2626 1236 2687 tuam
1261 2610 1497 2681 conditionem
1521 2608 1768 2694 fortunamque

556 2730 587 2767 „
600 2693 782 2769 intuebar,
801 2692 1045 2779 qualicumque
1069 2696 1207 2765 tandem
1226 2695 1287 2763 filii
1308 2695 1425 2763 indole
1441 2692 1563 2769 ellent,
1584 2692 1678 2761 haud
1694 2694 1769 2761 exi-
1815 2720 1818 2733 ·

556 2813 585 2849 ι»
602 2774 804 2855 timebam,
835 2789 879 2871 ιιιΙ
903 2776 948 2844 ud
972 2778 1212 2847 mechanicum
1233 2778 1475 2874 sordidumque
1499 2776 1638 2872 aliquod
1666 2776 1769 2872 opifi-

557 2861 695 2935 „cium
717 2879 779 2929 eos
797 2858 995 2929 destrueret.
1035 2860 1093 2929 Ad
1121 2877 1248 2931 caetera
1272 2882 1379 2947 porro
1412 2860 1564 2929 liberalia
1587 2862 1766 2927 hommum

557 2978 587 3016 u
603 2942 719 3011 munia
738 2958 841 3027 atque
857 2941 968 3011 officia
988 2946 1111 3030 juvere
1130 2946 1239 3013 literae
1259 2946 1415 3030 pollunt3
1435 2943 1568 3011 nullum
1587 2956 1685 3012 certe
1704 2943 1769 3011 im·

557 3065 587 3100 ι,
602 3026 841 3122 perimentum
867 3026 1039 3095 audierunt.
1079 3027 1120 3094 In
1142 3026 1298 3106 summa,
1325 3044 1365 3096 ut
1386 3026 1495 3095 multa
1519 3026 1557 3091 in
1580 3044 1624 3093 eo
1650 3026 1769 3125 perdi·

559 3146 588 3187 n
602 3108 695 3187 distr,
714 3126 897 3196 pecuniam
913 3110 1089 3195 perdidisti
1104 3134 1116 3193 3
1147 3130 1259 3195 neque
1277 3112 1427 3183 arbitror
1447 3110 1536 3177 adeo
1554 3128 1635 3178 eum
1653 3110 1767 3177 mido·

556 3230 588 3270 0,
605 3212 709 3261 neum
725 3193 788 3261 tibi
802 3192 933 3274 videri,
953 3194 1053 3278 quin,
1074 3193 1207 3278 liquod
1222 3196 1280 3263 ille
1298 3194 1361 3265 scit
1373 3196 1410 3261 ln
1430 3193 1561 3271 literis,
1583 3194 1642 3261 alii
1662 3194 1768 3261 alicui

556 3316 587 3351 0,
603 3278 675 3345 lilio
692 3292 754 3343 tuo
771 3295 974 3361 comparare
1023 3276 1116 3353 ollis,
1138 3278 1258 3347 lubens
1281 3298 1353 3347 non
1376 3276 1554 3345 modicum
1571 3276 1609 3345 irs
1635 3294 1769 3361 expen-

558 3400 585 3437 „
602 3361 714 3429 surus:
738 3361 847 3445 Quod
863 3380 949 3429 vero
972 3297 1030 3433 effi
1046 3361 1244 3431 didicerunt
1261 3362 1297 3428 id
1315 3362 1374 3431 ille
1397 3358 1588 3429 brevilltmo
1606 3374 1677 3427 tem
1726 3379 1766 3429 re

559 3483 586 3516 ,ι
602 3462 644 3511 ac
668 3444 770 3514 facile
818 3445 976 3529 ercipiat.
1017 3444 1067 3511 Et·
1088 3459 1202 3515 tamen
1223 3462 1334 3530 neque
1356 3444 1407 3513 illi
1428 3444 1572 3513 omnino
1588 3442 1660 3510 fine
1690 3462 1769 3511 um·

559 3566 586 3601 2,
601 3528 716 3610 ptibus
739 3530 784 3593 ha
817 3545 902 3597 enus
926 3546 948 3593 a
976 3543 1013 3595 te
1025 3528 1172 3601 educati
1191 3527 1278 3597 suut.
1321 3528 1416 3679 (guid
1434 3526 1482 3597 est
1502 3546 1587 3613 ergo
1614 3528 1663 3593 mi
1680 3526 1770 3593 Her-

559 3650 586 3686 „
600 3630 708 3675 manne
726 3611 819 3693 quod
836 3612 924 3677 adeo
941 3609 1002 3676 filii
1019 3613 1326 3697 vitiaimpotenter
1352 3617 1448 3680 eras?
1469 3608 1681 3681 Affetuones
1692 3612 1768 3679 rni-

559 3731 584 3766 ‚2
601 3695 649 3759 mi
674 3694 815 3762 excludi
840 3712 911 3761 non
940 3694 1099 3779 poliunt,
1129 3696 1318 3781 temperari
1348 3710 1463 3767 tamen
1496 3692 1638 3765 debent.
1678 3694 1763 3765 Nou

558 3816 583 3851 „
598 3778 768 3861 prohibeo
786 3794 857 3860 quo
879 3776 991 3843 minus
1014 3794 1096 3863 erga
1115 3780 1211 3847 illurn
1235 3793 1272 3849 te
1294 3780 1419 3849 iratum
1447 3776 1625 3857 ostendar,
1653 3796 1763 3864 quum

558 3900 583 3934 „
600 3879 711 3944 neque
723 3878 796 3942 >eqo
820 3858 957 3927 vultum
981 3874 1100 3929 tenere
1121 3881 1243 3947 queam
1270 3863 1430 3931 ficorum
1449 3862 1587 3931 adellet.
1626 3862 1767 3931 interea

556 3983 583 4018 .,
600 3958 715 4011 tamen
733 3924 893 4016 abdicare
910 3946 1007 4015 illum
1029 3963 1049 4014 a
1069 3958 1122 4022 te,
1143 3962 1290 4032 propter
1313 3964 1355 4015 ea
1371 3946 1473 4023 vitia,
1493 3942 1631 4013 nonest
1647 3960 1770 4030 pater·

554 4068 582 4101 ,‚
600 4045 709 4122 num,
742 4026 926 4112 justumve.
967 4027 1042 4124 Ego
1063 4046 1140 4127 ¹non
1169 4028 1290 4125 recuso
1320 4048 1392 4114 quo
1418 4030 1533 4099 minus
1561 4029 1692 4097 doloris
1715 4030 1767 4107 tui

555 4150 583 4266 5:
598 4112 1156 4293 urrunnu·unitur,
1170 4112 1793 4288 uinulentum

555 4318 581 4352 ,,
599 4292 713 4345 tamen
728 4278 765 4345 rd
784 4280 1082 4359 mibiconcedae,
1103 4298 1148 4349 ne
1169 4300 1224 4351 me
1243 4294 1396 4367 propter
1419 4294 1514 4349 tuam
1537 4278 1583 4347 de
1609 4281 1681 4350 illio
1705 4296 1767 4351 tuo

556 4403 581 4440 υ
597 4360 789 4439 frusttatrm
815 4362 1099 4449 expectationem
1121 4364 1160 4435 iu
1182 4366 1303 4455 culpe
1330 4365 1613 4449 communionem
1638 4382 1768 4460 eecce,

1146 4510 1151 4523 .
1662 4488 1688 4526 ar
1704 4464 1768 4515 ΠΗ·
