3934 5192
363 530 446 615 ns
482 496 783 615 arnus
830 512 1306 611 zuronnut:
1413 544 1440 636 ς

222 710 288 789 tue
308 712 495 803 educavit3
516 710 710 809 exquibus
734 712 842 797 duos,
864 712 1041 785 duriorem
1059 710 1097 785 &
1118 710 1279 800 limitum
1306 734 1361 785 ma
1410 712 1441 785 is

220 810 418 904 sumptibus
436 812 472 881 in
490 811 630 883 Scholia
649 828 691 882 ac
710 808 899 903 presertim
915 810 952 881 in
967 806 1160 882 Academia
1179 806 1338 880 Lovanie
1403 811 1443 881 iu

217 906 370 979 Artibus
390 928 433 977 ac
459 906 638 1003 utriusque
665 906 755 999 Juris
790 905 903 977 studio
933 903 1075 977 institui,
1090 906 1248 991 curavit,
1284 903 1442 998 filiasque

218 1000 369 1075 noneste
387 1005 528 1077 dotatas
546 1004 717 1087 eloctvit,
744 999 903 1095 obiitque
919 1023 1012 1073 anno
1037 1004 1140 1087 1518.
1165 996 1317 1074 secunda
1343 1001 1443 1073 Maii.

270 1096 395 1170 vill.
421 1096 684 1195 Fulcordom(r)
706 1118 843 1181 autem,
859 1096 1027 1169 minorem
1045 1085 1321 1182 oniniumnatu,
1342 1118 1444 1193 pater

220 1195 428 1265 Grrlrorrdur
447 1196 599 1267 moriens
619 1194 761 1287 reliquit
776 1196 839 1267 vix
856 1212 1007 1288 quatuor
1023 1205 1143 1265 natum
1159 1189 1354 1281 menlibus,
1377 1196 1444 1267 cit·

220 1312 267 1363 ca
290 1286 416 1363 festum
443 1292 858 1379 northmannoque
908 1288 944 1361 Is
962 1289 1050 1361 verd
1062 1288 1218 1359 nondum
1237 1287 1365 1383 viginti
1381 1312 1443 1362 na·
1566 1325 1570 1333 ·

85 1475 88 1484 Ι
221 1406 431 1483 1111111101ἓ
456 1406 667 1482 procurante
685 1376 941 1497 adiuvanteque
962 1383 1068 1457 fratre
1087 1385 1252 1472 ancone,
1276 1386 1442 1481 impeua·

221 1484 301 1565 vit,
327 1506 365 1555 ut
386 1478 465 1555 crim
487 1479 677 1577 Regulares
695 1482 869 1556 Canonict
888 1484 926 1553 in
945 1484 1083 1575 Rugum
1096 1477 1265 1553 haberent
1281 1504 1351 1553 non
1367 1486 1444 1555 lou

222 1576 274 1677 ge
298 1600 318 1648 a
341 1577 502 1651 Zoirhem
525 1578 644 1657 villam
666 1580 854 1675 quamdam
877 1577 984 1651 valde
1007 1579 1221 1670 locupletem
1254 1578 1291 1649 in
1322 1581 1444 1655 vicino

222 1694 324 1768 pago
341 1673 513 1758 Wrtltorr,
538 1673 665 1749 dibiam
681 1678 791 1771 vulgo
808 1678 1017 1767 Borrohuys,
1043 1674 1128 1745 novi
1147 1670 1348 1746 Monasterii
1364 1671 1444 1746 fun·

224 1770 391 1841 damenta
407 1768 459 1841 ibi
486 1770 602 1862 jacere
631 1772 858 1865 inceperunt,
891 1788 972 1865 quae
995 1769 1043 1841 ob
1068 1768 1285 1863 iniquitatem
1310 1793 1445 1865 tempo·

223 1888 307 1938 rum
327 1864 569 1960 bellorumque
589 1869 822 1941 calamitatem
848 1863 1017 1962 perficere
1047 1886 1120 1937 non
1145 1884 1331 1958 poteraut,
1365 1889 1442 1942 eam

86 2024 87 2027 ,
222 1963 378 2035 folcardo
409 1961 669 2038 inhabitandam
702 1964 869 2037 mediocri
899 1958 1063 2056 penlione
1089 1960 1347 2050 concederent‚·
1380 1968 1443 2056 qui

228 2055 357 2130 deinde
373 2044 519 2129 uxorem
545 2060 648 2131 duxit
679 2082 771 2132 anno
802 2078 904 2150 1503.
934 2056 1048 2131 mense
1073 2056 1183 2148 Junio
1199 2056 1322 2148 Jdom.
1342 2062 1442 2155 Viglii

228 2154 377 2249 Haruyae
395 2145 437 2227 eit
456 2154 611 2247 Weydom
629 2154 752 2240 filiam,
777 2176 856 2249 quae
873 2178 952 2226 curn
974 2175 1084 2225 matre
1112 2156 1249 2227 Rlutzr'o
1275 2151 1319 2225 de
1348 2157 1441 2228 Bom-

86 2266 87 2276 ’
228 2252 340 2343 mingo
357 2250 464 2321 vidua
490 2249 641 2344 ejusdem
666 2254 767 2346 Viglir'
784 2250 928 2343 Hanryae
943 2254 1013 2344 jam
1031 2249 1093 2320 diu
1114 2269 1236 2330 antea,
1269 2250 1340 2322 hoc
1368 2252 1440 2339 est,

229 2367 325 2415 anno
344 2354 444 2435 1496.
463 2345 635 2431 defundii,
660 2348 841 2433 babitans,
866 2345 1015 2441 ejusdem
1025 2344 1244 2419 solitudinem
1256 2341 1441 2432 solabatur,

230 2444 368 2515 caeteris
401 2441 567 2515 fratribus
600 2442 842 2537 sororibusque
879 2442 1096 2536 jampridem·
1116 2439 1273 2512 elocatis.
1352 2442 1468 2519 Erat·
1507 2476 1514 2487 ·

232 2557 348 2609 autem
372 2560 432 2621 ea,
457 2537 504 2611 ob
521 2538 668 2613 formam
687 2540 978 2633 modestiamque,
1004 2536 1160 2632 expetita
1181 2556 1202 2607 a
1220 2538 1358 2627 multis;
1382 2538 1441 2615 sed

233 2656 331 2707 amor
346 2634 524 2730 pietasque
540 2660 622 2731 erga
643 2636 900 2709 marrenssenio
921 2630 1265 2727 confebiamsquam
1284 2634 1441 2710 deserere

144 2772 147 2785 ·
229 2729 396 2810 nolebat,
422 2732 466 2804 ab
483 2734 704 2805 matrimonio
727 2736 927 2805 alieniorem
953 2730 1127 2814 reddidit,
1158 2728 1271 2801 donec
1292 2730 1362 2823 jam
1387 2736 1442 2805 vi·
1546 2792 1553 2801 ,

230 2826 534 2920 primi-septimum
558 2832 669 2903 aetatis
690 2852 819 2903 annum
836 2850 963 2920 agens,
985 2824 1226 2897 sollicitatione
1249 2826 1301 2897 M.
1320 2830 1440 2900 Batho-

232 2928 285 2993 uis·
310 2923 406 3016 apud
434 2924 583 3019 ejusdem
608 2946 751 2997 matrem
781 2926 949 2997 Rirrtzr'om
968 2946 990 2991 α
1009 2924 1215 3010 limminga,
1249 2917 1440 3017 fratresque

232 3018 577 3093 marrucinorum
595 3022 754 3117 Hoonyo,
780 3022 841 3113 qui
862 3020 1002 3091 1111111111
1030 3016 1277 3100 cohabitabat,
1302 3018 1339 3089 in
1367 3020 1439 3091 Fol-

230 3116 321 3185 tardi
337 3117 477 3210 nuptias
494 3114 672 3189 consensit.
723 3114 834 3211 Cujus
858 3138 944 3189 avus
960 3136 1126 3209 paternus
1148 3116 1273 3203 Serapio
1302 3114 1442 3207 Honnyo

230 3214 381 3304 aviaque
398 3213 484 3283 licio
498 3216 539 3285 ab
555 3212 716 3307 Comflm,
742 3234 989 3304 maternusque
1014 3234 1100 3285 avus
1119 3212 1215 3281 Brorr
1239 3229 1259 3277 a
1283 3209 1441 3279 Bommirr·

227 3330 274 3402 ga
293 3310 429 3381 acaria
447 3308 603 3383 Tzerlrzia
619 3332 640 3381 a
659 3310 803 3384 Remulo
820 3306 1008 3419 precipuis
1024 3305 1143 3378 Fristae
1157 3302 1350 3375 Nobilibus
1367 3304 1441 3377 san-

85 3464 92 3490 ,
230 3404 338 3497 guine
354 3406 632 3499 cognationeque
648 3426 753 3499 atque
767 3403 932 3477 affinitate
948 3402 1200 3496 jungebantur.⁴

280 3496 349 3571 IX.
375 3500 544 3574 Folcordur
558 3521 672 3575 autem
694 3522 799 3595 atque
819 3502 884 3573 ldo·
905 3496 981 3593 (1)
1008 3498 1165 3592 quinque
1190 3496 1227 3567 in
1249 3496 1441 3592 Borrolruys

133 3676 138 3681 ,
210 3594 364 3669 liberos
389 3620 641 3691 procrearunt3
692 3598 906 3678 Gerlrondum
945 3594 1114 3667 videlicet
1146 3594 1415 3686 primogenitum
1425 3642 1443 3678 ,·

257 3693 295 3763 nl
319 3714 413 3763 anno
452 3714 552 3783 1513.
587 3694 684 3767 XllI.
710 3692 929 3787 Septembris
955 3692 990 3761 in
1019 3691 1185 3763 Zoirlrrm-
1204 3689 1299 3782 apud
1325 3692 1439 3762 aviam

231 3716 383 3881 &roiam
399 3812 557 3862 mortuus
572 3788 663 3871 fuit,
687 3788 917 3870 Vrotruu,
950 3790 1140 3869 Rinrziurn,
1177 3785 1371 3876 Serapionem
1397 3809 1439 3859 ac

87 3942 88 3955 ,
231 3884 413 3957 Rimziom.
462 3886 586 3959 Postea
603 3910 691 3959 vero
717 3889 810 3959 circa
836 3881 909 3979 (a)
937 3906 1067 3955 annum
1104 3900 1206 3969 15151
1231 3880 1328 3953 bello
1351 3880 1440 3953 Gel-

232 3980 333 4053 drico
350 3981 631 4069 incrudescente‚
657 3982 736 4055 cium
756 3980 888 4052 aedibus
907 3980 942 4051 in
965 3981 1147 4074 Borrohuys
1172 3976 1334 4049 incendio
1356 4000 1439 4050 con·

87 4094 100 4179 ζ
229 4073 378 4171 sumptis
392 4077 561 4173 bonisque
577 4078 738 4151 omnibus
756 4076 925 4171 spoliatus·
942 4074 1045 4159 cllet,
1080 4076 1115 4146 in
1137 4071 1260 4145 urbem
1287 4072 1441 4147 Leovar·

87 4188 90 4245 ι
232 4172 323 4244 sliam
348 4175 532 4269 migravit,
557 4176 679 4268 ibique
700 4178 828 4247 civium
851 4195 999 4247 numero
1025 4170 1215 4265 adscriptus
1240 4168 1318 4243 fuit„
1369 4170 1444 4243 Cui

88 4314 89 4369 1
226 4262 319 4341 Dux
335 4270 484 4365 Georgius
507 4270 694 4360 Saxone,
714 4272 857 4347 domum
883 4265 1009 4439 ὀὶῗεω
1038 4268 1216 4341 Mintzimo
1243 4268 1279 4339 in
1307 4287 1448 4431 telegoni

88 4394 89 4419 ³
349 4397 352 4407 “
979 4386 999 4457 3
1300 4385 1345 4457 pe
