3934 5192
423 629 493 699 An
539 602 816 702 AYTTA
863 604 1295 707 ZUiCH-EMI.
1384 631 1464 730 203

259 802 315 881 'do
333 823 376 877 ac
390 803 474 899 lego
490 800 604 876 eidem
623 800 777 896 collegio
801 824 882 877 meo
906 801 1003 899 apud
1023 801 1240 896 Lovaniom,
1264 809 1464 909 ibidemque

81 968 83 971 .
261 903 312 978 ad
328 920 547 976 communem
570 900 788 972 alumnorum
802 921 960 973 meorum
976 900 1074 973 usum
1093 902 1244 982 fideliter
1258 929 1299 980 ac
1315 911 1462 1005 diligen·

81 971 86 1107 f
260 1016 321 1074 ter
350 994 627 1082 asservati'volo.
676 993 856 1069 Manuscri
883 1015 940 1070 tot
956 1020 1061 1085 vero,
1086 998 1124 1072 δι
1141 1023 1370 1097 quaecumqne
1393 1008 1459 1078 alia

81 1108 85 1143 ⁸
256 1090 479 1169 collediauea
501 1094 677 1166 variarum
706 1115 820 1165 rerum
910 1096 1156 1184 materiarum,
1196 1120 1275 1169 cum
1297 1101 1459 1174 omnibus
1496 1145 1501 1152 ·

256 1192 394 1267 chattis
420 1190 666 1284 geographicis
689 1187 1109 1286 cundiaquepapyracca
1138 1191 1350 1288 supellectile
1378 1200 1459 1292 lego

258 1286 468 1383 nepotibus.
489 1284 560 1383 (1)
587 1287 673 1358 meis
699 1287 744 1358 D.
771 1285 933 1369 Bucioni,
952 1289 1026 1360 ·M.
1052 1287 1220 1375 linaria,
1246 1293 1282 1366 ἃ
1310 1291 1459 1368 notiori

259 1383 423 1460 librando
452 1383 495 1454 ab
520 1391 625 1476 Ayrra
650 1379 841 1474 matribus,
879 1381 1038 1480 serioque
1059 1382 1182 1458 iisdem
1212 1389 1355 1483 injungo
1376 1439 1386 1472 ,
1421 1415 1460 1466 ut

287 1476 495 1574 naecumqne
523 1475 656 1552 secreta
683 1479 720 1550 in
749 1478 791 1548 iis
818 1498 945 1562 ernnt,
990 1501 1052 1552 aut
1076 1480 1209 1555 inutilia
1233 1487 1458 1579 judicabunt,

255 1502 412 1653 gummis
428 1576 670 1662 committant3
692 1574 827 1646 crateris
847 1574 1059 1649 conservatis
1077 1597 1157 1671 quae
1173 1578 1255 1674 ipfis
1274 1605 1313 1654 ac
1329 1581 1459 1656 succes-

255 1672 395 1751 sonbua
411 1671 597 1769 aliquando
613 1673 650 1743 in
666 1669 807 1743 servitio
821 1671 1044 1767 Reipublicae
1062 1673 1113 1770 (st
1138 1697 1211 1771 quo
1235 1675 1340 1771 paeto
1361 1680 1404 1751 ad
1422 1683 1458 1754 id

252 1768 296 1846 se
323 1770 468 1844 idoneos
503 1766 741 1857 reddiderint)
773 1765 846 1840 usui
879 1766 947 1842 elle
978 1787 1156 1865 poterunt.
1208 1772 1257 1844 Et
1288 1799 1460 1869 quatenus

254 1865 370 1942 iidem
389 1863 518 1939 fratres
541 1861 689 1961 desuper
714 1867 806 1937 inter
829 1863 864 1937 se
884 1867 1084 1938 convenire·
1099 1870 1341 1962 nequiverint,
1365 1897 1459 1946 com·

251 1965 441 2038 mittentur
463 1960 551 2036 Dno
580 1960 604 2034 l
621 1983 709 2033 rama
733 1962 773 2030 ab
794 1959 992 2034 Archeion*
1011 1961 1153 2037 Prafidi
1172 1964 1456 2060 tantillulae,
1484 1995 1620 2061 *me

258 2061 301 2137 ἃ
322 2061 426 2135 alteri
443 2059 503 2155 qui
524 2059 567 2130 de
622 2059 717 2130 milia
737 2077 798 2129 ant
817 2059 1030 2152 cognatione
1051 2079 1125 2134 ntea
1142 2063 1178 2132 in
1197 2065 1320 2138 eodem
1343 2071 1458 2142 conci·
1483 2079 1518 2134 ad
1538 2073 1574 2134 N.

258 2159 312 2232 iio
340 2157 417 2230 erit.
469 2151 598 2227 Libros
626 2155 715 2227 verd
748 2148 969 2227 familiarium
997 2155 1244 2250 epistolarum,
1279 2181 1455 2258 caeterasq.
1483 2153 1608 2250 Lllxn.

256 2256 409 2327 minutas
439 2251 633 2324 litterarum
666 2271 819 2322 meatum
847 2251 1056 2338 latinarum,
1098 2257 1197 2347 juxta
1228 2257 1457 2332 inventarium
1485 2235 1565 2294 ¹4²²·

256 2347 410 2446 desuper
427 2343 645 2433 confertum,
670 2344 870 2419 fasciculum
896 2347 968 2442 (a)
989 2371 1130 2444 quoque
1150 2352 1343 2446 litterarum
1367 2377 1458 2428 mea-

256 2469 338 2521 rum
355 2445 539 2519 latinamm
557 2444 601 2518 ad
615 2441 816 2515 Lndoaicum·
828 2443 1218 2539 Schoranumpraesrdem
1233 2445 1355 2525 secreti
1371 2451 1456 2526 con'·

253 2542 322 2618 filli
340 2537 623 2639 predecessorem
649 2561 787 2625 meum,
812 2561 877 2611 nee
897 2563 969 2612 non
992 2545 1148 2636 exempla
1165 2567 1305 2642 quoque
1324 2551 1458 2624 littera·

254 2663 336 2717 rum
352 2640 537 2726 latinarum
556 2635 601 2708 ad
621 2632 770 2707 Illmum.
798 2634 988 2722 Dominum
1021 2638 1244 2712 Cardinalem
1271 2643 1457 2719 Granotlla-

258 2755 339 2808 num
375 2735 413 2811 ἃ
449 2731 641 2808 Dominum
674 2731 874 2824 Jmciimnm
902 2734 1080 2825 Happerum
1114 2731 1217 2831 (piae
1247 2742 1454 2838 memoriae)

254 2830 483 2928 scriptarum,
509 2829 578 2902 uni
603 2849 683 2901 curn
708 2825 862 2922 epistolis
883 2830 999 2901 latinis
1021 2829 1204 2906 doctorum
1229 2836 1384 2909 vitorum
1411 2841 1455 2911 ad

256 2951 316 3004 me
340 2925 479 3023 scriptis
498 2925 725 3020 selectisque,
749 2925 829 3018 lego
852 2926 966 2997 eidem
993 2927 1142 3021 collegio
1166 2951 1246 3002 meo
1267 2933 1363 3028 apud
1384 2931 1456 3008 Lo-

254 3027 405 3099 va'ninnt
422 3021 482 3097 sub
501 3022 658 3096 custodia
683 3015 1010 3110 praenuntiarem,
1035 3045 1080 3096 ex
1099 3023 1226 3118 quibus
1243 3029 1370 3101 alumni
1387 3031 1455 3102 mei

253 3118 372 3196 stadia
383 3171 395 3207 ,
423 3118 642 3212 actionesque
652 3117 855 3214 privatas&
874 3119 1052 3209 publicas,
1077 3122 1232 3214 vitaque
1248 3125 1455 3200 totiusmeae

255 3216 416 3304 cursum,
437 3212 818 3312 'percipere'valebnnt
870 3214 1013 3288 Ceteras
1030 3237 1101 3310 quo
1124 3241 1172 3294 ue
1195 3213 1453 3294 lucubrationes
1505 3276 1508 3295 r

256 3335 352 3390 nutas
372 3311 608 3396 scholasticis,
632 3328 735 3405 atque
753 3312 835 3382 alias
849 3305 912 3384 sub
931 3309 1088 3384 custodia
1159 3313 1356 3390 inventario
1368 3321 1455 3414 ejus·

257 3412 339 3486 dem
356 3406 514 3486 Praesrdis
533 3405 860 3490 allervarimandoz
886 3430 1033 3503 quarum
1056 3405 1344 3504 inspiciendarum
1362 3435 1455 3486 tran-

254 3505 562 3582 scribendarumve
585 3505 688 3599 copia
716 3505 802 3575 nulli
824 3507 981 3575 omnino'
997 3503 1163 3588 dabitur3
1202 3531 1243 3582 at
1268 3509 1304 3579 in
1334 3511 1454 3582 eadent

256 3603 415 3680 custodia
434 3621 650 3698 reponentur
672 3600 1002 3696 relinquenrutqne,
1029 3599 1051 3671 fi
1071 3625 1151 3698 quae
1167 3624 1212 3676 ert
1230 3606 1363 3676 caeteris
1382 3607 1453 3680 col·

255 3697 422 3776 lecimeis
445 3700 531 3772 meis'
553 3695 723 3772 asservato
743 3698 848 3792 digna
862 3697 948 3769 dieti
966 3698 1012 3770 D.
1041 3699 1164 3786 nacla,
1190 3707 1242 3776 M.
1262 3701 1453 3793 Fuscardut,

259 3798 299 3874 ἃ
312 3795 367 3870 ιΙ).
391 3795 569 3869 librandus
590 3815 738 3889 nepotes
756 3796 823 3867 mei
840 3795 1088 3890 compererint.
1340 3827 1346 3838 ·
1525 3821 1526 3824 ¹

307 3890 407 3968 xlll.
434 3889 507 3964 sex
534 3914 649 3963 autem
683 3885 853 3964 dierorum
880 3887 1087 3966 scholarium
1117 3889 1246 3966 desumi
1274 3899 1358 3967 volo
1389 3917 1454 3994 per

260 3987 494 4088 Praepositum
507 3987 542 4060 ἃ
555 3984 804 4061 scholasticum
817 3986 883 4063 Sti.
901 3986 1054 4060 Bavonis
1064 4010 1106 4060 ex
1119 3990 1290 4062 choraulis
1300 3992 1454 4088 ejusdem

257 4085 436 4172 ecclesie,
461 4089 522 4180 qni
548 4085 595 4157 ob
614 4086 713 4158 vocis
736 4087 960 4156 mutationem
990 4083 1032 4156 ad
1060 4107 1200 4162 tantum
1227 4110 1268 4158 ac
1290 4087 1453 4164 musicam

257 4182 522 4260 ecclesiasticam
549 4184 669 4255 idonei
694 4184 842 4277 amplius
868 4202 939 4251 non
960 4201 1084 4263 erunt,
1111 4179 1148 4251 ἃ
1172 4200 1285 4254 tamen
1305 4187 1349 4259 ad
1368 4185 1456 4259 divi-

257 4307 342 4356 num
369 4280 522 4354 officium
544 4279 849 4365 continuandum,
885 4277 1100 4371 studiumque
1123 4277 1311 4352 litterarum
1339 4281 1456 4378 prose·
1492 4333 1495 4340 Δ

255 4381 466 4479 quendum,
499 4376 654 4454 indolem
675 4399 716 4451 ac
737 4379 951 4542 voluntactem
974 4395 1050 4468 prae
1076 4372 1111 4448 se
1140 4371 1276 4468 serunt,
1304 4377 1455 4546 &spenp

259 4487 276 4512 ·-
351 4507 357 4516 ·
903 4489 969 4542 ca
1411 4498 1430 4546 a
