3934 5192
355 515 566 621 noenu
593 512 796 614 minos.
827 515 1050 614 nncrnu
1075 515 1343 630 nnnnnu
1401 545 1484 646 ³17
1618 531 1620 536 ¹

201 751 204 761 =
325 712 542 794 LXVIII.
575 711 689 789 Porro
711 731 829 788 autem
850 709 950 789 'Dux
974 713 1259 805 Albannr,·cirm
1279 719 1488 818 intelligeret

266 811 614 906 commendatorem
636 810 802 905 majorem
830 806 991 885 Castellae
1008 805 1081 911 jim
1105 815 1142 886 in
1158 817 1281 892 itinere
1300 815 1388 903 elle,
1410 817 1488 892 bre·

262 913 318 985 vi
344 933 387 984 ue
403 909 465 984 hic
482 905 625 997 adfore,
650 909 751 982 utin
818 907 1025 982 bernarione
1050 909 1185 1007 Belgiae
1213 914 1247 987 ei
1263 911 1486 997 succederet,
1520 959 1523 990 ι

265 935 353 1104 ipse
381 1028 427 1079 ex
461 999 750 1092 Amllerodamo,
815 1002 1499 1106 rajeooque,nmse1umappropera··

269 1106 353 1187 vit,
379 1121 420 1176 ut
436 1103 588 1175 eundem
603 1119 847 1176 anteverteret
862 1104 1173 1200 praeueniretque,
1209 1106 1284 1202 qud
1303 1107 1348 1182 de
1394 1103 1491 1180 statu

221 1225 228 1233 ·
272 1199 500 1299 provInciae‚
524 1199 700 1294 rebusque
713 1217 796 1271 ante
814 1195 902 1271 attis
917 1219 997 1272 eum
1018 1197 1206 1274 informare
1224 1199 1355 1299 pollet,
1367 1204 1483 1298 prins·

273 1315 385 1392 quarn
410 1291 552 1367 forntan
580 1296 640 1368 alii
666 1294 827 1367 nonnulli
848 1296 882 1368 ei
897 1293 1108 1373 diversamo
1136 1299 1287 1372 inionem
1307 1299 1355 1372 im
1381 1299 1481 1372 rime·

271 1409 382 1465 rent:
407 1392 520 1486 eique
545 1387 727 1486 diligentis
749 1388 829 1464 usus
848 1389 926 1474 est,
951 1413 992 1466 ut
1022 1411 1077 1465 ιι.
1142 1393 1316 1468 ovembria
1363 1395 1482 1468 ruxet

273 1490 349 1561 Iam
372 1488 569 1571 adveniret,
601 1491 673 1560 hot
698 1487 770 1572 est,
797 1488 951 1583 quinque
964 1490 1038 1562 dies
1056 1508 1157 1560 antea
1171 1490 1275 1586 quim
1294 1490 1479 1564 Commen-

273 1585 383 1658 dator
409 1585 454 1659 ed
479 1585 710 1681 pernngeret.
754 1577 846 1670 Quo
902 1584 1019 1657 uidem
1049 1605 1104 1675 17.
1129 1583 1343 1661 Novembris
1369 1587 1478 1664 adve-
1505 1635 1526 1662 -,

171 1675 186 1694 ‘
275 1681 420 1766 niente,
444 1676 626 1752 confestim
653 1680 702 1750 ita
723 1699 789 1773 per
809 1699 883 1774 prae
909 1681 1013 1753 'torn
1044 1677 1181 1753 Ducem
1209 1682 1353 1778 ejusque
1368 1681 1490 1755 filium-

274 1771 523 1865 Fredericum‚
546 1774 722 1867 Joannem
747 1772 923 1870 Vargam,
948 1774 1211 1874 HIeronymum
1244 1773 1405 1866 Rodum,
1430 1800 1473 1852 ac

276 1869 527 1947 nibemonun
564 1870 724 1968 praeditti
755 1867 1062 1946 Commendatoris
1091 1893 1192 1946 aures
1217 1892 1474 1970 praeoccupatae

276 1964 409 2059 suite,
434 1989 476 2043 ut
497 1971 622 2042 ceteris
647 1989 727 2041 eum
749 1969 981 2043 conveniendi
1006 1968 1139 2042 nullum
1156 1991 1249 2064 pene
1265 1990 1402 2065 tempus
1424 1989 1478 2042 re·

275 2067 513 2161 iiuqueretur.
559 2063 615 2136 Ac
633 2064 769 2137 interea
794 2063 1026 2138 ministrorum
1051 2065 1269 2140 conditiones
1304 2069 1338 2140 ei
1356 2063 1480 2139 descri-

274 2160 473 2252 bebantur,
498 2150 585 2234 alios
600 2160 806 2255 imperitiae,
829 2161 916 2234 alios
937 2157 1054 2234 dubiae
1073 2183 1156 2256 erga
1172 2163 1302 2257 regiam
1310 2158 1473 2256 Majesta·
1608 2181 1611 2190 ·

277 2277 352 2335 tem
379 2255 464 2331 fidei
491 2254 740 2344 insimulando,
760 2257 935 2366 populum
966 2278 1054 2332 vero
1067 2279 1210 2330 omnem
1225 2277 1286 2332 aut
1300 2254 1411 2331 heresi
1426 2259 1479 2331 in·
1602 2333 1612 2350 λ

275 2373 482 2524 9ἛέἫῖ
505 2352 895 2546 diffidis?
910 2348 1335 2535 ltlrllltlllts
1363 2443 1480 2522 can„
1564 2441 1566 2444 ·

278 2547 384 2643 hujus
410 2545 494 2620 belli
521 2548 652 2633 civilis,
677 2568 798 2620 onmes
829 2567 923 2642 pene
936 2545 1067 2621 Decimi
1082 2546 1219 2619 Denaris
1232 2541 1406 2622 exactioni
1420 2543 1480 2618 ad-

279 2640 456 2731 scribere,
487 2641 561 2754 ipse
572 2693 585 2730 ,
605 2665 646 2716 ut
673 2644 765 2716 lranc
791 2662 912 2715 notam
937 2640 1013 2754 ase
1031 2663 1225 2730 averteret,
1251 2641 1288 2718 ld
1308 2643 1478 2738 imprimis

279 2735 1478 2932 llittpd‘ll’ailisistilillmltlssiirqlillr{lt
1550 2821 1553 2828 ·

277 2934 405 3006 marios
422 2929 597 3004 affirmasse
612 2929 852 3017 Consiliarios,
900 2927 1063 3004 Addebat
1081 2941 1244 3026 quoque,
1265 2929 1476 3028 justitiaead-

278 3024 566 3102 ministrationem
590 3049 673 3102 ante
688 3025 784 3101 suum
798 3029 990 3101 adventum
1012 3027 1049 3098 in
1074 3030 1141 3102 hac
1164 3029 1349 3123 provincia
1368 3025 1493 3100 maxi·-

278 3121 693 3220 neminemnam,
715 3148 760 3198 ac
784 3122 1070 3208 consuetudines,
1122 3121 1476 3220 rivelegiaquevehe·
1629 3145 1648 3188 t

276 3241 414 3294 menter
435 3218 629 3316 perniciosa
652 3218 720 3294 sese
735 3220 796 3294 bic
815 3217 1026 3314 comperisse.
1077 3145 1171 3312 (lum
1188 3218 1348 3316 dumipse
1365 3215 1476 3291 corrin-

277 3339 384 3414 gere,
409 3314 666 3411 reformareque
683 3316 832 3400 studuit,
858 3339 929 3387 non
947 3337 1107 3412 magnam
1126 3313 1159 3386 se
1176 3316 1325 3408 gratiam
1349 3309 1473 3388 iniiss'e.

278 3413 336 3487 Ac
355 3412 436 3485 cirm
460 3435 524 3508 per
546 3415 739 3498 naturales,
762 3409 989 3506 subditosque
1014 3408 1179 3484 nonsatis
1198 3407 1473 3506 lincerejustitin

274 3507 581 3591 administraretur,
590 3511 810 3603 invicemque
824 3503 888 3578 fibi
896 3505 1056 3581 faverent
1064 3527 1196 3601 ,neque
1204 3505 1473 3581 fornalliciorurn

276 3604 434 3680 custodia
464 3603 545 3675 satia
567 3601 647 3699 ipsrs
674 3603 839 3678 concredi
856 3600 988 3697 pollet,
1021 3603 1188 3700 paulatim
1206 3601 1239 3678 se
1254 3625 1395 3698 operam
1411 3600 1472 3674 de·

276 3700 383 3782 dille,
407 3720 447 3772 ut
467 3697 618 3795 Hispani
644 3698 727 3798 ipfis
752 3695 1050 3774 substituerentur.
1103 3697 1150 3772 Iis
1172 3721 1213 3772 ac
1237 3695 1401 3773 fimilibus
1418 3719 1471 3770 rt·

275 3798 432 3875 tionibus
461 3793 535 3892 ipse
560 3796 668 3885 Dux,
690 3813 797 3892 atque
814 3793 1123 3891 supranominati,
1148 3794 1314 3880 sinistram
1335 3794 1472 3890 opiniu-

276 3917 358 3969 nem
365 3889 562 3966 Successori
575 3895 772 3988 imprimere
792 3894 910 3966 conati
925 3890 1035 3966 fuere.
1342 3897 1345 3902 '

272 4022 280 4038 ·
325 3987 437 4062 LXX.
465 3985 645 4078 Quoniam
662 4011 776 4065 autem
794 3986 930 4084 Regem
949 3987 995 4061 ad
1011 3989 1156 4084 gratiam
1177 3985 1387 4084 propensum
1405 3987 1473 4063 else

276 4083 513 4188 intellexisset,
538 4086 575 4159 dt
594 4107 709 4159 tamen
725 4109 800 4158 eam
819 4083 985 4157 hasienus
1003 4083 1200 4168 distulisset,
1225 4083 1410 4158 Praesrdem
1429 4088 1472 4156 in

273 4183 457 4281 praesentia
476 4182 732 4257 Gubernatoris
751 4182 955 4267 advocavit,
980 4178 1125 4274 ejusque
1146 4179 1354 4255 se'ntc'ntiam
1376 4177 1474 4253 desu-

272 4299 341 4378 ger
357 4280 505 4376 rogavit
555 4277 632 4371 Qui
647 4277 842 4379 respondit,
865 4273 1127 4448 {ememiniilffi
1151 4273 1343 4361 Consilium
1358 4272 1476 4448 Stagldli
1574 4285 1578 4294 ’

267 4401 273 4441 t
901 4395 918 4449 s
1449 4409 1479 4428 ··
