3934 5192
515 529 638 621 ιω·
686 418 909 602 nora
945 524 1020 595 ln
1057 452 1577 605 stimulum

513 746 539 781 „
556 680 660 771 mero'
685 718 823 767 manere
857 678 1075 765 nihilominus
1101 696 1196 763 linas.
1247 694 1362 779 Quod
1387 695 1527 779 quidem
1562 696 1622 765 etsi
1656 703 1739 781 ego

515 828 540 865 „
558 789 653 853 nullo
672 804 750 851 mco
775 798 834 849 aut
855 781 969 849 officio
997 796 1057 846 aut
1083 780 1264 865 obsequie,
1287 778 1381 845 omni
1402 795 1517 855 tamen
1540 780 1743 849 observan-

515 874 604 955 „tia
624 888 664 935 ac
685 865 894 953 gratitudine
913 865 1107 951 promereri
1129 864 1293 930 conabor.
1323 860 1437 945 ,Opto
1458 879 1616 945 tequam
1634 862 1742 947 opti·-¹

517 972 614 1033 „me
642 951 886 1031 diutissimeque
913 948 1035 1015 vivere
1057 946 1095 1015 da
1120 949 1238 1015 valere
1257 962 1403 1030 patrone
1434 946 1590 1013 omnibus
1618 947 1746 1012 modis

519 1080 544 1113 „
560 1033 881 1119 incomparabiliS.”
922 1031 976 1099 Ex
993 1026 1248 1181 mammo
1271 1028 1445 1105 Bovario,
1489 1048 1524 1092 uo
1541 1030 1575 1105 ob
1586 1031 1746 1115 ‘graffon-

517 1118 578 1187 tem
594 1117 765 1201 ingolstadii
777 1114 885 1203 pellem
901 1134 967 1180 arm
981 1114 1087 1198 aliqua
1189 1120 1271 1177 emite
1311 1129 1378 1177 arte
1387 1048 1561 1197 satcfflrus)
1584 1130 1636 1194 25.
1659 1114 1747 1181 Dc'ss

519 1205 789 1283 cembris1539.
830 1198 979 1263 Exromo
1000 1214 1031 1278 3.
1055 1214 1090 1283 p.
1118 1202 1198 1281 169.'
1222 1196 1256 1265 ss
1275 1130 1360 1284 ὣς.
1401 1194 1466 1273 His
1488 1196 1611 1277 litteris
1635 1196 1748 1265 miills

521 1288 646 1356 dimisit
661 1285 828 1349 Mutabiam
850 1296 959 1349 totam
984 1298 1030 1347 ue
1049 1282 1121 1366 ejus
1142 1278 1363 1347 affinitatem:
1385 1279 1429 1345 dc
1449 1298 1515 1363 qua
1537 1280 1573 1345 in
1600 1282 1743 1365 reliqu'a'

521 1369 596 1439 'vita
607 1368 764 1436 occurrit
784 1366 878 1433 nihil.
922 1299 1085 1449 Su‘spicor
1101 1363 1284 1439 Masillam,
1307 1362 1482 1430 hominem
1504 1364 1644 1431 minime
1660 1366 1746 1431 ine-

522 1462 643 1543 ptum,
664 1453 739 1519 haec
760 1449 905 1517 memori
915 1448 1056 1533 pectore
1072 1446 1281 1528 condidisse,
1303 1442 1392 1515 &Vi
1412 1446 1446 1509 lii
1462 1444 1744 1526 recusationem,

526 1552 586 1607 aut
605 1534 739 1603 causam
759 1531 884 1601 dedisse
911 1535 1056 1609 irarutn,
1077 1546 1136 1597 aut
1161 1530 1279 1597 saltem
1298 1529 1357 1612 eui
1405 1548 1424 1595 e
1448 1528 1555 1615 frigus
1577 1529 1673 1597 fuisse
1700 1533 1744 1597 in

526 1622 688 1690 amicitia.
731 1617 775 1684 Et
840 1617 868 1683 is
888 1614 1156 1683 contendat'lrlc
1180 1614 1262 1681 nihil
1284 1612 1348 1680 esse
1372 1612 1439 1679 stro
1465 1614 1614 1679 harum?
1645 1614 1745 1681 Nul-

523 1700 564 1773 'la
585 1702 661 1790 post
685 1702 773 1769 hanc
819 1702 887 1766 iern
908 1698 1040 1767 exstant
1059 1694 1155 1781 Vtgrrt
1175 1697 1324 1781 epistolae
1345 1696 1389 1765 ad
1407 1633 1594 1774 signatam,
1616 1696 1744 1765 done'c

527 1790 586 1857 ille
605 1788 710 1871 longo
756 1782 808 1851 ost
824 1796 1001 1867 tempore,
1021 1782 1089 1867 jam
1114 1780 1239 1859 senex,
1269 1778 1411 1865 suosque
1435 1780 1557 1847 videns
1571 1782 1743 1866 praecipl-

529 1873 597 1941 tari
610 1871 706 1944 dies,
730 1803 866 1951 Digitum
885 1866 1057 1935 consuluit
1073 1862 1172 1949 super
1190 1864 1385 1947 provisione
1403 1862 1592 1931 liberorum
1609 1867 1745 1932 notho*

527 1952 634 2024 'sumt
670 1953 729 2019 cui
749 1949 850 2018 rescr'
879 1950 917 2016 stt
942 1947 1130 2017 secundum
1155 1950 1209 2033 jus
1238 1948 1274 2015 dr
1296 1948 1422 2033 patrias
1443 1946 1744 2027 consuetudines,

533 2035 724 2123 expediens
744 2036 776 2100 ei
791 2053 855 2117 pro
880 2035 893 2099 i
912 2052 954 2103 ac
1000 2032 1024 2097 il
1039 2031 1106 2095 viri
1123 2030 1318 2107 confilium,
1339 2030 1432 2114 quod
1449 2028 1561 2117 legisse
1574 2050 1642 2097 non
1658 2050 1746 2117 poe·

532 2122 674 2190 nitebit:
696 2159 721 2193 ,‚
738 2116 881 2203 Magnis.
898 2135 939 2183 ac
956 2052 1131 2206 cfarisime
1150 2115 1206 2179 vir
1227 2116 1306 2181 Dne
1322 2114 1507 2197 plurimum
1523 2116 1746 2185 honorande.

528 2206 597 2277 Uti
616 2204 700 2270 mihi
713 2202 842 2269 summe
858 2200 942 2265 volu
969 2218 989 2266 e
1011 2198 1075 2264 fuit
1097 2196 1173 2283 post
1190 2200 1279 2265 tanti
1299 2198 1465 2281 temporis
1485 2198 1743 2265 intervallum·

534 2292 703 2375 (quantum
722 2287 766 2350 bit
786 2284 905 2367 Viglias
916 2219 1121 2367 ssntficatam
1146 2280 1243 2361 velit,
1263 2283 1453 2367 abaliquo:
1486 2280 1543 2347 Sed
1560 2281 1597 2348 ab
1619 2280 1744 2347 altinae

532 2370 659 2459 epistola
677 2367 826 2455 adscripta
842 2366 910 2442 die,
930 2304 1019 2448 dffflae
1034 2366 1093 2429 baet
1107 2372 1194 2429 unam
1207 2370 1322 2431 omnino
1342 2370 1456 2449 viginti
1470 2362 1642 2450 ασάυοὺω)
1661 2406 1686 2442 ,,
1704 2376 1745 2433 t'e

531 2455 705 2534 „salvum
735 2469 777 2526 ac
801 2451 1011 2516 incolumem
1031 2447 1258 2537 conspicere,
1292 2448 1340 2514 ita
1358 2466 1429 2515 non
1478 2450 1568 2516 otuit
1584 2466 1654 2515 non
1671 2448 1743 2517 csse

536 2583 560 2617 „
577 2536 754 2625 gratissima
770 2533 911 2621 epistola
927 2546 1012 2611 tua,
1029 2544 1118 2613 ‘quae
1138 2551 1195 2599 me
1217 2532 1260 2598 ad
1280 2544 1382 2599 vetus
1397 2468 1566 2601 scrrpbendi
1586 2531 1745 2599 officium

534 2666 560 2701 „
578 2619 767 2689 revocavit.
807 2616 887 2685 Fuit
907 2617 999 2682 enim
1019 2614 1102 2681 mihi
1124 2616 1257 2701 semper
1280 2614 1498 2703 Sacrolantia
1518 2616 1666 2684 nominis
1686 2616 1745 2685 tul

534 2702 741 2784 „memoria
761 2718 840 2767 cum
852 2695 1088 2785 Jucundisilma
1107 2698 1354 2767 beneficiorum
1369 2712 1508 2765 tuorum
1528 2703 1564 2765 in
1584 2716 1640 2767 tne
1655 2698 1746 2783 olim

537 2788 784 2867 „collatorum
815 2782 1086 2851 recordatione:
1121 2784 1375 2881 plurimumque
1402 2783 1452 2848 sui
1479 2782 1612 2868 gavisus
1643 2794 1745 2850 tuam

537 2916 562 2951 „
579 2886 716 2955 quoque
739 2884 820 2951 erga
839 2885 895 2933 nte
910 2866 1192 2937 benevolentiam
1211 2868 1377 2961 integram
1387 2866 1608 2950 permansisse.
1630 2866 1745 2951 Quod

532 3000 563 3047 7,
581 2969 697 3022 autem
716 2952 870 3035 pertinet
881 2949 989 3017 acl-id
1011 2949 1105 3032 quod
1121 2967 1238 3016 coram
1256 2949 1339 3015 rnrhi
1360 2948 1573 3034 exponebas,
1594 2950 1639 3017 de
1654 2951 1746 3017 deli·

510 3082 516 3093 .
537 3083 563 3115 „
579 3037 758 3105 beratione
783 3048 842 3101 tua
861 3035 955 3101 circa
976 3030 1163 3100 liberorum
1182 3032 1410 3117 provisionem
1430 3032 1671 3116 bonorumque
1688 3034 1747 3099 dl·

538 3122 600 3201 „s
618 3121 820 3191 olitionem,
842 3134 883 3184 ac
908 3116 952 3183 de
968 3116 1101 3200 reliqua
1121 3117 1278 3200 pecuniae
1292 3114 1421 3183 summa
1438 3120 1472 3182 in
1491 3136 1636 3183 annuam
1653 3134 1746 3201 pen-

529 3250 564 3283 ‚„
594 3220 707 3271 ionem
727 3203 763 3267 in
780 3200 872 3269 hisce
891 3199 1078 3266 ditionibus
1095 3198 1314 3267 collocanda:
1340 3200 1381 3265 ad
1397 3200 1430 3266 id
1451 3200 1611 3269 lubenter
1622 3212 1744 3266 meum

540 3334 565 3366 „
583 3287 757 3357 consilium
778 3300 917 3369 operam
943 3302 986 3349 ue
1000 3282 1188 3366 impertiar.
1228 3282 1335 3347 Porro
1356 3280 1496 3349 suadere
1517 3304 1586 3350 non
1609 3282 1747 3367 polium

539 3416 564 3451 „
581 3388 621 3437 ut
642 3372 831 3463 quicquam¹
845 3370 882 3434 in
901 3301 1204 3463 libamentorum
1224 3366 1258 3430 in
1278 3364 1368 3431 hisce
1386 3367 1574 3449 provinciis
1598 3378 1748 3456 compa·

543 3499 566 3531 „
584 3474 668 3528 res,
702 3452 761 3517 nist
786 3452 835 3515 rllt
856 3466 955 3517 antea
981 3462 1106 3515 muniti
1131 3448 1260 3516 fuerint
1278 3450 1534 3532 legitimationis
1558 3451 1746 3518 beneficio.

541 3536 690 3620 „Quod
710 3536 853 3611 slverO,
874 3534 928 3598 uti
949 3533 1094 3599 liberum
1118 3533 1181 3599 tibi
1201 3532 1369 3609 arbitror,
1390 3552 1454 3631 per
1470 3535 1677 3601 matrimonii
1696 3534 1749 3600 se·

541 3663 568 3696 ‚,
608 3620 718 3686 uelanr
746 3634 790 3685 eo
810 3616 886 3681 illos
903 3616 1008 3681 beare
1026 3618 1139 3697 nolis3
1174 3634 1192 3682 a
1215 3616 1375 3699 principe
1392 3618 1427 3683 rd
1452 3620 1641 3703 petendum
1664 3619 1744 3685 erit‘.

543 3702 568 3779 ,',
584 3640 628 3768 {t
648 3719 733 3785 puto
751 3718 786 3767 te
808 3716 878 3763 non
900 3700 1082 3795 ignorare,
1103 3701 1137 3763 in
1159 3700 1250 3765 hisce
1274 3698 1462 3783 provinciis
1482 3702 1673 3785 imperialia
1692 3702 1748 3767 di·-

543 3828 568 3861 „
584 3786 736 3933 glumam
758 3801 828 3846 non
851 3781 1020 3855 suflrcere,
1043 3784 1153 3847 multo
1174 3784 1283 3847 minus
1303 3800 1388 3849 vero
1405 3804 1445 3851 ea
1465 3804 1541 3868 quae
1558 3806 1577 3853 a
1594 3781 1747 3852 Comiti-

543 3912 568 3944 „
609 3888 647 3933 us
663 3866 820 3931 Palatinis
833 3864 1053 3948 procedunt:
1082 3864 1118 3933 δι
1140 3866 1196 3929 nist
1223 3884 1262 3931 ea
1286 3868 1393 3948 gratia
1414 3868 1473 3933 sub
1489 3870 1653 3952 principis
1680 3883 1747 3933 no·

546 3994 571 4027 „
587 3954 644 4016 stri
660 3950 763 4033 spillo
773 3950 916 4015 obtenta
924 3948 1270 4023 suerit,morientiurn
1284 3950 1539 4035 illegitimorum
1550 3952 1747 4017 sineliberis

545 4078 570 4109 „
588 4033 744 4099 successio
753 4034 795 4098 ad
804 4030 920 4099 fiscum
933 4031 1147 4099 devolvitur:
1159 4034 1245 4099 natis
1265 4049 1378 4099 autem
1399 4054 1443 4101 ex
1461 4034 1570 4101 soluto
1582 4032 1745 4103 &soluta

450 4121 455 4129 “
545 4161 571 4195 „
588 4116 701 4202 passm
728 4118 818 4199 apud
839 4134 901 4181 nos
924 4114 1127 4199 legitimatio
1155 4116 1373 4183 conceditur.
1417 4120 1547 4185 Verurn
1574 4122 1641 4185 alia
1661 4119 1750 4185 huic

547 4243 572 4276 „
590 4202 746 4266 adhaeret
765 4198 963 4272 difficultas,
984 4198 1077 4281 quod
1094 4199 1136 4263 ad
1147 4198 1318 4263 Rariomles
1330 4219 1370 4266 ea
1385 4198 1573 4269 remittitur
1588 4203 1666 4286 (uti
1684 4217 1750 4268 nos

546 4327 572 4360 „
588 4282 779 4365 loquimur)
800 4281 1011 4357 interimatis,
1041 4298 1121 4347 cum
1146 4300 1250 4349 onere
1278 4282 1449 4351 solvendae
1469 4304 1584 4353 'certae
1604 4286 1750 4351 summit

544 4410 570 4444 „
585 4368 813 4455 pecuniaria,
833 4384 933 4452 quam
948 4367 1006 4433 iric
1028 4366 1199 4435 Finurrriom
1214 4384 1395 4437 vocamus:
1420 4370 1517 4456 cujus
1536 4368 1747 4519 rernilsffira

1135 4474 1143 4485 “
1584 4493 1610 4529 2,
1628 4472 1644 4517 Γ
1692 4469 1750 4521 me
