3934 5192
548 475 631 637 '140
705 514 931 611 Noun
966 539 1041 607 in
1080 510 1336 613 viruit
1369 432 1612 619 Viciu

543 750 570 789 „
585 711 668 797 quid
692 708 918 778 elucubrandi
937 708 972 774 in
992 707 1115 785 literis,
1136 710 1229 793 quod
1255 706 1401 777 nominis
1423 706 1752 784 immortalitatem.

543 796 631 875 „ad
651 812 754 879 qnam
770 806 893 859 natura
910 810 1029 861 omnes
1046 791 1248 889 pspiramus,
1269 794 1453 861 conciliet:
1475 806 1513 858 ut
1531 792 1664 876 reliqua
1677 795 1748 859 bn·

464 942 469 960 ,
542 919 572 957 „
584 877 678 966 julce
697 877 880 946 funeionis
903 878 1087 945 commoda
1105 893 1334 960 praetereain:
1357 876 1442 943 illud
1468 892 1537 941 non
1560 876 1752 945 minimum·

546 980 644 1040 „me
662 974 807 1035 movet,
827 960 922 1045 qnod
941 978 1008 1044 ego
1033 963 1133 1110 biffus
1158 962 1206 1028 Su
1234 962 1353 1029 erioris
1376 958 1573 1027 Gennauiae
1592 959 1754 1042 publicis

548 1085 575 1123 ,‚
590 1044 715 1122 rebus,
736 1045 863 1130 linguae
886 1062 929 1111 ac
954 1044 1061 1110 viven
1088 1046 1098 1109 l
1127 1062 1195 1111 cori
1213 1044 1371 1113 uetudini
1390 1044 1460 1129 jain
1483 1038 1747 1117 assuefaciunt

546 1166 574 1206 „
589 1129 699 1195 isthuc
716 1128 896 1205 transiero,
917 1127 1070 1211 lingnam
1090 1128 1279 1204 Gallicam,
1298 1132 1394 1223 cujuu
1407 1144 1497 1210 pene
1508 1124 1605 1191 usum
1618 1124 1750 1210 deper-

389 1257 394 1267 ι
422 1208 426 1214 ’
546 1252 573 1292 „
590 1211 682 1290 didi,
702 1210 892 1288 rediscere,
915 1208 953 1277 &
967 1212 1004 1275 in
1022 1210 1218 1277 universum
1242 1228 1331 1296 pene
1355 1226 1443 1277 vitae·
1462 1210 1632 1275 rationem
1653 1225 1749 1276 rete·

547 1335 573 1373 „
588 1312 688 1371 itere,
711 1294 893 1377 omniaque
916 1292 959 1358 ab
979 1294 1081 1361 initio
1104 1295 1195 1377 quan
1221 1293 1334 1361 rursus
1354 1292 1508 1361 exordiri
1528 1289 1662 1359 necesse
1684 1293 1748 1360 ha·
1873 1372 1874 1377 η

531 1408 575 1455 ·„
587 1378 691 1447 bebo.
732 1376 841 1462 Cujus
859 1375 999 1460 quidem
1019 1397 1075 1445 me
1090 1378 1127 1447 ur
1143 1381 1177 1443 in
1197 1378 1262 1445 hnc
1278 1392 1382 1445 aetate
1400 1368 1601 1461 (trigrnraU
1614 1380 1755 1460 qrrinquc·

546 1502 573 1541 ‚‚
588 1459 755 1543 onhomm)
773 1474 813 1527 ut
837 1478 909 1557 iinon
927 1458 1027 1607 {fissit
1051 1480 1120 1527 non
1143 1462 1282 1547 pigere,
1303 1461 1348 1527 sic
1367 1461 1480 1543 aliquo
1507 1458 1614 1524 etiam
1633 1458 1749 1555 niodo·

547 1545 722 1630 „pudere
741 1542 893 1611 debebit.
962 1546 1084 1612 roinde
1104 1543 1180 1610 sane
1203 1564 1293 1631 aegre
1322 1544 1365 1609 ad
1386 1542 1594 1627 propositam
1619 1542 1744 1609 condi·

546 1630 722 1706 „tionem
744 1626 935 1693 animumn
959 1628 1064 1709 plico.
1106 1628 1161 1695 Ac
1182 1626 1205 1692 si
1229 1626 1311 1692 milii
1327 1625 1420 1711 quod
1436 1627 1531 1708 coepi
1550 1623 1750 1695 institutum.

463 1745 468 1754 ·
548 1752 574 1787 „
591 1712 680 1778 tueri
703 1711 844 1787 liceret,
867 1644 1045 1777 consestim
1067 1728 1164 1777 certe
1189 1710 1379 1794 respiiillem
1396 1710 1431 1775 ’'.
1470 1709 1566 1791 Quas
1589 1708 1647 1776 liic
1669 1728 1746 1775 mo·

548 1794 658 1862 lestias
674 1792 711 1861 &
733 1793 986 1871 excusationes,
1007 1794 1074 1861 sive
1089 1814 1133 1861 eir
1146 1797 1260 1860 animo
1272 1792 1308 1858 id
1323 1794 1466 1867 dixerit,
1478 1792 1547 1858 five
1568 1790 1752 1871 imulare,

547 1878 707 1963 congerit
721 1875 843 1960 Vigilat
847 1894 912 1955 ,ne
928 1876 1066 1945 facilem
1083 1878 1116 1944 se
1134 1878 1285 1963 praebeat
1299 1878 1360 1961 qui·
1372 1873 1745 1957 exlngolssrdiollmxeh

549 1962 598 2027 lar
613 1960 805 2038 concedat,
827 1978 878 2025 ete
891 1978 961 2026 uon
977 1960 1055 2027 satis
1069 1963 1246 2027 coherent
1262 1978 1343 2027 curn
1364 1960 1471 2025 anxiis
1485 1958 1553 2023 illis
1566 1957 1603 2027 δι
1615 1960 1747 2035 enixis,

545 2045 704 2128 sepeque
723 2043 882 2127 repetitis
895 2044 1056 2127 precibus
1076 2060 1117 2109 ac
1137 2044 1370 2212 roJitionibus
1387 2060 1469 2125 quas
1483 2040 1582 2125 supra
1596 2042 1745 2127 legimus

1188 2142 1216 2191 or

546 2129 590 2195 ab
614 2146 658 2195 eo
670 2125 835 2193 institutae
850 2125 945 2210 apud
963 2126 1106 2193 Carobrm
1120 2126 1173 2191 Bor
1217 2146 1269 2197 utu
1283 2124 1320 2194 δι
1338 2124 1507 2193 Gerardum
1525 2124 1660 2190 Mulerr:
1683 2144 1750 2193 ne·

545 2230 614 2297 que
630 2212 730 2277 eninr
740 2211 817 2277 illas
829 2224 891 2276 aut
901 2208 1170 2358 tuncilgnoravlt
1185 2222 1245 2277 aut
1259 2206 1475 2293 contempsit.
1507 2206 1653 2275 Pruinde
1670 2210 1745 2293 ejus

546 2314 614 2380 ego
634 2294 692 2360 hic
714 2292 936 2361 constantiam
960 2292 1005 2359 de
1018 2293 1126 2360 idero.
1149 2292 1318 2360 Ceterum
1331 2292 1535 2359 eratbomo.
1554 2290 1632 2358 Post
1650 2292 1744 2358 hanc
1872 2320 1874 2327 v

405 2382 408 2387 ’
545 2377 786 2465 praefationem
802 2377 850 2443 ita
868 2376 982 2461 pergit
997 2376 1089 2460 apud
1101 2374 1259 2441 Hectorem
1273 2372 1487 2441 Hoxvirr'rim:
1513 2415 1537 2450 „
1555 2375 1691 2441 Verum
1705 2374 1744 2443 id

483 2508 492 2519 .
548 2502 575 2537 ‚,
591 2477 660 2526 nou
684 2458 734 2527 est
756 2458 845 2545 palla
868 2458 1055 2545 gravissima
1077 2458 1217 2545 epistola
1236 2472 1318 2533 tua,
1339 2458 1453 2525 multis
1473 2476 1528 2525 me
1551 2458 1743 2529 rationibus

548 2581 575 2619 „
590 2541 764 2611 fortiilime
779 2544 816 2608 iii
833 2542 1001 2609 diversam
1017 2560 1147 2609 vocans
1163 2542 1376 2611 sententiam.
1417 2542 1515 2627 Quas
1532 2541 1614 2609 dum
1630 2540 1678 2608 sin
1726 2576 1743 2595 -

494 2677 498 2685 .
547 2666 574 2702 „
590 2626 686 2693 latim
701 2644 760 2693 coe
784 2626 916 2693 lmecu
972 2628 1189 2711 expendere,
1210 2626 1313 2692 animi
1334 2626 1478 2701 dubius,
1496 2624 1650 2711 suspensa
1665 2560 1743 2693 sginu-

490 2786 497 2795 x
546 2750 572 2784 „
590 2710 718 2787 tentia,
772 2728 792 2775 e
818 2710 930 2775 adeun
953 2728 974 2774 a
998 2710 1179 2777 Brabantia
1198 2710 1373 2777 consiliunt
1403 2708 1678 2792 tandemcoepi,
1699 2723 1740 2777 ut

544 2793 686 2876 „hujus
713 2790 895 2858 fundimus
914 2793 1043 2861 oblatae
1069 2795 1249 2879 explorata
1272 2793 1400 2860 certius
1418 2792 1646 2867 conditione,
1679 2806 1740 2861 aut

544 2914 571 2953 ,‚
586 2876 707 2942 vestrae
734 2876 934 2941 anchoritani
955 2875 1100 2953 cedam,
1122 2890 1182 2943 aut
1202 2876 1246 2945 ad
1265 2875 1368 2942 istam·
1383 2874 1542 2942 nondum.
1558 2878 1742 2943 rennncia-

544 2996 571 3033 ‚‚
593 2972 666 3053 tarn
677 2958 911 3042 prouinciam,
931 2958 1076 3026 liberam
1089 2961 1171 3025 mihi
1187 2958 1352 3027 redeundi
1369 2959 1506 3041 copiam
1524 2958 1693 3027 retineam
1706 2960 1744 3027 ”-

540 3040 602 3106 ⁴Er
621 3057 691 3107 rom.
713 3060 745 3125 4·-
767 3060 801 3124 p.
825 3056 903 3123 3302
922 3042 1061 3109 Deinde
1089 3042 1132 3109 ad
1158 3041 1376 3111 secretarium
1398 3040 1563 3108 Nicolaum
1583 3040 1741 3109 Granium

546 3123 671 3191 eodeni
686 3122 815 3207 scripsit
829 3139 988 3209 tempore
1002 3124 1369 3209 paullo-deliberarint:
1378 3162 1409 3199 ‚a
1420 3124 1477 3191 Ad
1493 3138 1567 3191 tuas
1580 3126 1741 3193 amanus

545 3249 572 3284 „
589 3208 683 3272 limas
695 3206 810 3273 literas
824 3207 952 3274 Niobe
964 3206 1184 3286 ornatiilime,
1205 3209 1326 3293 quibiu
1342 3206 1620 3275 exserenillmae
1637 3208 1688 3275 Re
1714 3210 1740 3273 ’.ψ

545 3332 571 3366 „
588 3308 641 3357 nae
653 3290 815 3359 mandato
831 3290 876 3357 de
893 3290 1101 3375 suscipienda
1116 3294 1318 3361 conditione
1331 3294 1368 3358 in
1383 3290 1569 3359 secretiore
1586 3224 1740 3361 Coniifi'lo

545 3375 772 3450 „certiorem
791 3392 846 3441 me
864 3373 991 3451 fecisti,
1013 3374 1242 3459 superioribus
1261 3376 1397 3451 diebus:‚
1416 3376 1561 3459 prolixe>
1576 3374 1737 3458 quidem,
1771 3439 1774 3452 ,

544 3498 570 3535 ,,
587 3469 648 3533 at,
685 3471 725 3523 ut
756 3452 820 3523 tibi
843 3455 979 3524 fortasse
1007 3457 1208 3538 videbitur,
1244 3460 1342 3525 nimis
1374 3460 1542 3543 perplexe
1574 3456 1679 3526 rescrl
1706 3458 1740 3527 fi.

470 3596 488 3627 s
544 3539 728 3624 „Quippe
746 3539 983 3625 quiquodalii
1004 3542 1042 3608 dr
1059 3540 1188 3610 ambire
1215 3541 1370 3618 soleant,
1387 3538 1424 3609 dt
1447 3540 1602 3609 oblatum
1622 3478 1741 3611 arnga-

544 3662 569 3697 ‚‚
584 3622 648 3712 bus
669 3640 723 3689 arn
749 3622 828 3689 letti
854 3620 968 3700 ulnis,
998 3622 1034 3691 id
1058 3625 1102 3691 ed
1132 3626 1395 3693 cohortantibus
1415 3618 1740 3721 impellentibusque

544 3746 569 3781 ‚,
585 3707 711 3800 amanti
735 3707 810 3772 imis
826 3706 1043 3801 horribilius,
1063 3707 1231 3805 suscipere
1249 3710 1361 3776 adhuc
1381 3708 1560 3791 ambigam
1600 3708 1738 3777 Verum

543 3790 654 3865 ‚;hoc
676 3790 818 3865 vitium,
838 3806 885 3854 nii
900 3786 1044 3867 Nitriae,
1065 3792 1222 3859 omnibus
1242 3792 1322 3859 sere
1334 3795 1370 3857 in
1387 3792 1510 3857 scholis
1533 3792 1663 3859 innasci
1683 3790 1737 3859 so-

542 3908 571 3947 „
584 3872 652 3947 let,
672 3870 763 3937 illam
776 3888 885 3955 quam«
893 3872 1011 3939 Graeci
1025 3890 1155 3940 vocarit
1177 3874 1316 3959 madriu
1336 3890 1377 3942 ut
1399 3890 1533 3951 ament,
1553 3892 1620 3942 nec
1634 3874 1738 3945 facile

542 3996 568 4029 „
584 3974 632 4021 eir
649 3952 714 4020 suis
729 3956 849 4039 lycaeis
864 3957 900 4021 in
916 3956 985 4022 fori
999 3957 1171 4045 theatrum
1186 3960 1341 4045 pertrahi
1354 3958 1387 4027 se
1403 3958 1523 4025 sinant.
1564 3958 1735 4026 Attamen

541 4078 574 4114 rr
584 4054 629 4104 ne
645 4048 740 4105 tuam
758 4038 1094 4126 commendationem
1110 4041 1512 4125 authoritatemque,vel
1526 4059 1604 4107 mea
1619 4044 1737 4125 potius

542 4160 567 4195 ‚,
583 4122 765 4188 commoda
794 4123 967 4209 negligere
995 4123 1142 4199 videar,
1186 4126 1228 4192 ad
1253 4124 1378 4192 Pascua
1405 4143 1461 4192 me
1485 4123 1583 4191 isthic
1614 4124 1738 4194 adfore

539 4240 567 4280 ,‚
582 4203 785 4289 fignificavi‚
806 4221 847 4274 ut
864 4206 888 4271 si
907 4209 988 4291 quis*
1002 4208 1086 4274 mibi
1102 4204 1232 4277 absenti
1250 4208 1428 4293 scrupulus
1442 4208 1608 4286 inhaeret,
1629 4210 1658 4275 ie
1675 4227 1739 4279 eo·

539 4328 565 4363 ,,
581 4305 653 4355 rain
669 4287 861 4365 auferatur,
881 4305 985 4374 atque
1004 4292 1049 4357 ira
1070 4308 1123 4357 rea
1142 4292 1216 4359 hec
1236 4306 1310 4358 tota
1325 4312 1389 4377 per
1406 4308 1462 4357 me
1483 4290 1531 4357 ibi
1550 4290 1739 4361 confirme-

537 4409 563 4449 r,
580 4384 657 4452 tur,
675 4387 716 4441 ut
727 4372 922 4459 priusquam
943 4374 1156 4461 praesentem.
1168 4376 1255 4445 hanc
1271 4374 1509 4445 conditionem
1529 4375 1736 4527 rebitur&

1651 4496 1678 4539 rr
1717 4474 1740 4528 θ
