3934 5192
510 553 596 648 310
691 515 1081 617 couritur.
1117 515 1283 610 unu.
1318 515 1585 614 norun.

512 719 677 794 damnum
694 713 884 813 ,quodque
905 710 1111 789 collectores
1118 733 1243 810 parum
1260 709 1366 786 emnt'
1381 717 1582 789 volontarii.
1608 714 1718 791 Dixit

513 815 631 904 Dux,
663 836 736 887 non
756 809 965 888 detinendos
991 811 1052 890 hic
1077 811 1225 898 Status,
1257 805 1320 884 sub
1337 807 1398 908 spe
1416 814 1508 886 enim
1529 809 1719 888 obtinendi

512 909 612 1009 quod
637 910 885 1008 postulavere,
920 907 1059 989 ¹interca
1093 931 1165 982 non
1196 910 1343 1004 procedi
1376 909 1421 980 ad
1450 911 1719 998 executionem,

514 1031 596 1084 curn
621 1030 677 1079 ma
724 1001 896 1100 oRegiae
922 1004 1114 1098 Maiestatis
1133 1001 1312 1092 interesse„
1351 1001 1402 1077 Et
1425 1002 1450 1078 sl
1474 1001 1583 1078 nostri
1605 1008 1721 1080 nolint

512 1126 657 1202 operam
687 1126 767 1176 uam
785 1105 821 1174 in
844 1097 1053 1175 colletiione
1076 1097 1265 1195 praestare,
1298 1095 1332 1172 se
1352 1103 1390 1174 id
1416 1101 1514 1174 Italis
1529 1125 1572 1174 ac
1587 1100 1719 1198 Hispa·

498 1205 571 1275 ‘nis
605 1197 869 1274 commissurum.
921 1196 1049 1270 Incidit
1082 1197 1185 1270 etiam
1217 1193 1326 1270 sermo
1356 1197 1402 1269 de
1438 1200 1512 1270 aliis
1539 1196 1718 1286 statibus,

521 1295 688 1382 Gelriae,
701 1295 731 1366 F
732 1293 820 1368 riliae
825 1293 838 1377 ,'
863 1290 1145 1374 Tranfisulaniae,
1170 1293 1339 1388 caeterisq.
1361 1317 1510 1390 quorum
1534 1293 1720 1368 consensus

519 1397 564 1466 de
588 1412 683 1466 certa
701 1389 830 1464 summa
846 1388 1059 1485 praestanda,
1084 1391 1165 1463 loco
1183 1387 1366 1476 &necdum
1391 1395 1577 1484 Decimiqur
1602 1396 1719 1464 Dena-

519 1492 588 1574 rii,
610 1492 680 1581 jam
697 1505 897 1582 receptatus
914 1483 1046 1558 suerat:
1073 1487 1134 1596 qui
1155 1507 1227 1556 non
1249 1484 1460 1559 videbanmr
1476 1489 1620 1582 duplici
1632 1511 1720 1562 one-

519 1586 835 1773 iltgdiiididi‘
845 1579 919 1762 lt?
936 1577 1725 1787 llllrlllllstltlltlni{litt

518 1774 694 1861 subditos,
717 1796 807 1870 quot
828 1776 889 1847 ista
907 1773 1034 1846 Decimi
1056 1776 1195 1845 Durani
1216 1775 1389 1847 ordinatio
1406 1799 1476 1848 non
1494 1779 1724 1871 comprehen·
1845 1797 1852 1804 ·

468 1899 472 1905 ’
520 1874 592 1957 dit,
617 1894 688 1944 non
706 1870 863 1944 obstante
885 1868 982 1963 quod
1001 1865 1129 1942 Geldri
1144 1867 1214 1966 (1)
1237 1869 1274 1943 δι
1296 1868 1395 1944 Frlfii
1426 1872 1595 1949 &ceteri
1622 1873 1726 1962 rede«,

526 1969 652 2041 merint
671 1966 766 2040 certi
788 1964 928 2040 summi.
1419 1987 1424 1996 ·

571 2061 668 2135 LIV.
695 2062 836 2137 Deinde
867 2083 923 2134 10.
952 2062 1010 2135 die
1029 2058 1221 2147 Ostobris,
1254 2085 1326 2157 quo
1353 2062 1447 2136 Dur
1463 2061 1576 2138 rursus
1601 2062 1725 2137 Conli-

406 2187 409 2190 ·
521 2162 611 2234 lium
638 2177 869 2246 convocarat,
894 2179 935 2230 ut
956 2159 1002 2230 de
1022 2156 1185 2254 responso
1200 2157 1302 2252 super
1321 2159 1490 2234 Statuum.
1502 2153 1724 2258 supplicatio·

504 2255 623 2330 ‘nibus
641 2255 758 2330 dando
774 2253 976 2342 resolveret,
1003 2252 1113 2326 visum
1131 2253 1286 2328 Consilio
1303 2253 1389 2339 suit,
1415 2258 1487 2364 qud
1507 2279 1568 2330 aut
1584 2255 1725 2332 Ducem

428 2376 431 2385 ·
527 2353 572 2426 ad
590 2354 777 2448 aequiorem
793 2350 992 2426 sententiam
1013 2347 1212 2436 flecterent,
1237 2371 1296 2424 aot
1308 2349 1434 2425 'saltem
1454 2350 1560 2426 officii
1579 2376 1644 2450 per
1665 2377 1726 2428 eos

242 2527 248 2536 f
522 2445 606 2523 sotii
626 2451 789 2523 memoria
806 2469 956 2528 extaret,
984 2442 1141 2520 advisum
1166 2445 1316 2520 suumin
1338 2446 1472 2543 scriptis
1498 2451 1530 2521 ei
1557 2451 1725 2545 preelege-

343 2575 364 2614 α
379 2573 409 2632 ,·„
425 2569 491 2632 m,
523 2569 581 2632 re,
605 2544 788 2621 conforme
809 2542 1003 2629 sententio,
1030 2565 1134 2638 quarn
1153 2542 1420 2639 *superioribus
1446 2546 1570 2618 diebus
1596 2542 1727 2622 Praeses

219 2681 224 2686 ·
346 2645 491 2728 estquod
523 2641 662 2740 Viglius
681 2639 904 2809 exposuerat,
929 2641 975 2713 ed
1002 2641 1235 2750 ten'dens,'ut
1250 2640 1644 2715 confideradsonnibns
1663 2663 1727 2758 pen

523 2737 698 2851 Statue&
749 2733 906 2849 onsilmm
929 2736 1114 2902 mefam'
1149 2737 1348 2848 dignaretur
1373 2739 1417 2810 ad
1441 2757 1576 2859 temput
1595 2741 1726 2812 Deum

524 2837 664 2909 Deuom
694 2854 934 2908 executionem
955 2829 1158 2926 supendere
1179 2883 1191 2918 ,
1233 2856 1274 2906 ac
1297 2853 1426 2906 interea
1446 2833 1582 2930 Regem
1605 2837 1650 2908 de
1676 2851 1728 2906 re·

522 2951 601 3003 rum
627 2929 715 3003 statu
740 2928 957 3010 informare,
994 2927 1186 3022 Majestatis
1212 2929 1268 3001 ue‘
1294 2927 1365 3018 suae
1389 2929 1648 3026 beneplacitum
1669 2953 1728 3003 ex·

521 3022 673 3130 pestate.
723 3023 797 3097 Sed
824 3025 869 3097 ad
888 3027 958 3096 lroc
984 3021 1163 3118 respondit
1180 2951 1266 3096 ssux
1292 3023 1356 3120 (ut
1374 3031 1496 3114 antea)
1521 3025 1656 3123 Regem
1681 3027 1730 3100 dc

521 3122 683 3196 omnibus
710 3117 917 3196 sufficienter
939 3117 1162 3194 informatum
1180 3119 1276 3208 else,
1317 3143 1384 3194 nec
1406 3125 1442 3194 in
1474 3119 1532 3196 sua
1552 3119 1727 3218 potestate

505 3217 610 3301 ¹csl'e,
634 3215 895 3292 conclusionem
910 3215 984 3310 ejus
1004 3234 1144 3289 mutare.
1197 3214 1319 3306 Quare
1343 3216 1453 3311 jussit,
1477 3239 1518 3292 ut
1533 3217 1727 3292 Consilium

521 3315 682 3400 diceret,
717 3317 802 3408 quid
831 3311 894 3386 fibi
917 3312 1095 3386 videretur
1125 3311 1169 3387 de
1195 3315 1444 3386 moderatione.
1495 3312 1724 3410 Respondete

520 3412 595 3487 sere
614 3433 756 3494 omnes,
780 3412 818 3486 id
839 3407 904 3482 fibi
920 3431 992 3482 non
1011 3409 1166 3502 liquere,
1197 3429 1508 3577 propterrerum,
1547 3417 1729 3485 mercium·

523 3531 594 3603 que
609 3511 821 3582 varietatem.
872 3503 1069 3601 Quaesivit:
1104 3527 1192 3580 anne
1218 3508 1255 3600 ip
1270 3527 1299 3579 ts
1324 3503 1530 3592 videretur,
1570 3511 1669 3604 quod
1693 3509 1728 3579 in

521 3604 731 3700 quibusdam
753 3601 952 3698 speciebus,
976 3621 1017 3674 ut
1039 3603 1074 3672 in
1092 3601 1303 3678 conceffione
1325 3600 1567 3698 pasportorom
1585 3603 1664 3676 fieri
1677 3603 1732 3677 so-

518 3702 589 3787 let,
616 3719 803 3775 contentus
828 3696 895 3773 esse
914 3692 1028 3794 posset
1044 3697 1088 3774 de
1106 3717 1256 3794 quotuor
1273 3719 1517 3792 protentum,
1543 3702 1602 3775 vel
1618 3703 1664 3775 de
1676 3701 1726 3773 di·

520 3796 626 3871 rudia
651 3797 807 3871 Decimae.
856 3793 914 3868 Ad
939 3790 1034 3886 quod
1062 3817 1164 3868 nemo
1191 3793 1413 3890 cathegorlce
1443 3794 1630 3892 respondit.
1678 3793 1729 3868 Et
1817 3873 1822 3886 ,

520 3891 652 3967 Praeset
670 3892 811 3986 Viglius
824 3887 934 3976 dixit,
959 3891 996 3962 id
1015 3892 1138 3964 melius
1154 3891 1339 3965 aStatibus
1355 3893 1505 3988 intelligi
1516 3942 1528 3978 ,
1552 3915 1632 3967 cnm
1652 3893 1732 3986 qui·
1818 3955 1819 3966 ,

520 3988 588 4064 but
611 3990 682 4064 hoc
707 3987 956 4062 communicari
970 3987 1206 4071 conveniret,
1243 4007 1350 4082 prout
1374 3989 1410 4076 in
1428 3985 1556 4084 scripto
1572 3985 1730 4084 propost-

520 4063 610 4183 tioni
628 4085 791 4180 adlunslo
809 4079 1061 4160 continebatur,
1110 4081 1187 4157 Res
1232 4084 1307 4158 ndit
1332 4079 1440 4175 Dux,
1463 4085 1607 4160 tandem
1632 4079 1730 4181 posse

521 4200 704 4278 utramque
720 4181 923 4275 opinionem
943 4177 1077 4276 jungi,
1109 4197 1150 4254 ot
1198 4197 1272 4255 eret
1291 4183 1408 4277 aliqua
1431 4183 1658 4272 moderatio,
1693 4181 1731 4256 δι
1843 4235 1847 4240 -

519 4275 837 4375 immersorum
854 4273 1053 4376 Deputatos
1070 4272 1174 4376 super
1207 4277 1446 4358 moderatione
1472 4279 1737 4451 communfiiffie
1888 4311 1890 4398 p

1406 4451 1411 4460 .
1554 4455 1564 4471 ,
1716 4411 1731 4429 ·
1888 4419 1890 4476 l
