3934 5192
480 513 485 521 ’
531 558 617 647 aar
646 528 690 606 -’
724 538 950 637 Nora
987 559 1060 632 in
1097 494 1345 631 utra-n
1382 533 1623 637 uictu
1687 582 1690 588 -

536 779 562 817 „
578 736 741 807 mensium
760 736 965 825 stipendium
987 731 1188 819 expeditum
1208 730 1285 799 esse.
1326 722 1410 799 Earn
1430 732 1616 881 pecuniam
1635 732 1744 799 nobis

536 831 838 900 „numeraturum
862 820 1039 890 Comitem
1054 817 1091 881 ab
1117 812 1295 897 Orremurg.
1328 812 1398 881 Sed
1418 814 1475 881 ile
1492 816 1653 883 hastenus
1677 835 1746 883 ne-

538 925 647 989 „que
676 904 797 983 dedit,
829 924 942 989 neque
967 898 1097 986 scripsit
1122 899 1317 985 quidquam.
1357 898 1397 963 In
1427 898 1555 965 summa
1580 898 1741 988 salarium

540 1026 566 1065 ,‚
582 988 712 1083 magnis
723 988 897 1084 laboribus
907 982 1156 1136 profetiam,
1172 981 1306 1131 Quod
1321 979 1485 1061 solvitur,
1504 982 1742 1133 ἓιιιὶῐίεὲοέορἰ

539 1072 1617 1243 allslllnsfflssslln‘..insiliantstass.
1632 1086 1743 1217 aa?

540 1239 678 1305 buntur.
696 1236 778 1305 Ibid.
803 1258 837 1327 p.
866 1255 919 1322 74.
945 1235 1132 1321 Religionis
1153 1236 1287 1300 interea
1303 1232 1467 1299 dissidium
1484 1250 1639 1318 magnam
1657 1235 1743 1301 huic

542 1323 680 1395 muneri
700 1322 791 1388 reste
814 1314 1334 1390 administrandodifficultatem
1357 1314 1523 1391 attulisse,
1542 1316 1579 1385 dt
1595 1318 1631 1381 in
1651 1332 1744 1384 tem·

571 1425 633 1471 ore
660 1422 729 1487 quo
756 1405 850 1490 Spirae
870 1405 1037 1490 degebat,
1059 1400 1096 1469 dt
1119 1400 1196 1499 post
1215 1399 1317 1494 illud,
1339 1396 1427 1483 saepe
1457 1398 1588 1492 doluit:
1612 1401 1650 1468 δι
1666 1414 1744 1495 tan-

543 1426 624 1558 gem
641 1506 721 1554 eum
735 1490 863 1557 taedere
880 1489 1002 1572 coepit.
1023 1526 1056 1561 ,‚
1074 1483 1260 1553 Germania
1277 1481 1410 1557 nostra,
1431 1488 1544 1567 itaquis,
1563 1484 1743 1555 veteribus

542 1572 761 1647 „erroribus
782 1572 937 1655 quotidie
956 1570 1056 1636 altius
1076 1568 1302 1653 immergitur.
1342 1566 1599 1651 Multorumque
1616 1569 1741 1651 animi,

542 1672 674 1737 „quos
694 1654 858 1722 hasienus
881 1652 1033 1723 Concilii
1057 1648 1131 1736 spes
1154 1652 1307 1735 integros
1333 1646 1503 1725 sustinuit,
1523 1652 1740 1733 impatientia

545 1778 571 1813 „
589 1756 696 1803 morae
716 1739 912 1815 labascunt,
932 1756 973 1804 ac
993 1738 1125 1802 interea
1141 1732 1256 1817 passim
1272 1751 1353 1798 cum
1370 1731 1471 1799 saeris
1483 1752 1554 1817 pro
1580 1736 1743 1802 hanava·

545 1860 573 1895 ,,
590 1820 646 1887 stis
663 1820 861 1903 quibusdam
883 1820 1038 1887 flustibus
1060 1818 1266 1893 miscentur,
1285 1815 1535 1965 Religgionisque
1583 1816 1743 1897 sidium,

545 1942 572 1977 „
589 1905 768 1988 publicum
784 1907 978 1989 imperium
997 1902 1099 1969 valde
1114 1898 1306 1985 perturbat.
1372 1902 1406 1967 ic
1422 1900 1459 1965 fit
1474 1916 1513 1967 ut
1534 1900 1741 1979 Germania,

484 1992 487 1995 ’
539 2028 573 2062 ,‚
614 2006 667 2053 uae
678 1989 801 2055 litteris
813 2007 854 2055 ac
872 1988 1036 2071 religione
1050 1986 1093 2051 ad
1105 1984 1317 2050 mediocrem
1329 1984 1578 2053 humanitatem
1602 1987 1744 2057 exculta

539 2111 573 2147 „
590 2006 717 2145 Fuerat,
731 2072 767 2137 in
784 2070 959 2155 pristinam
975 2069 1147 2137 relabatur
1162 2066 1353 2134 barbariem
1369 2066 1401 2135 ''.
1442 2066 1497 2133 Ex
1507 2083 1577 2133 rom:
1592 2085 1623 2149 3.
1640 2086 1675 2163 p.
1688 2074 1744 2149 65.

546 2154 640 2220 Dein
668 2171 792 2239 aperte
817 2153 956 2221 testatus
985 2152 1034 2221 est
1060 2150 1151 2235 apud
1173 2148 1332 2217 Httiorem
1355 2150 1571 2227 Hoxvt'rium,
1599 2170 1658 2235 qur
1675 2150 1744 2219 fuit

544 2236 743 2319 ,Uarajenm
771 2240 916 2305 Senatus
936 2236 1062 2322 praeses
1084 2232 1296 2313 clarissimus,
1339 2235 1463 2319 quod,
1505 2234 1743 2318 „supremum

544 2360 574 2395 ‚‚
591 2320 788 2388 Germaniae
799 2322 968 2405 judicium
984 2320 1135 2405 graviter
1153 2318 1418 2401 periclitaretur.
1448 2319 1540 2385 Nam
1552 2334 1621 2384 nec
1634 2318 1739 2397 illud,

546 2442 573 2479 „
590 2410 713 2489 inquit,
742 2403 834 2471 serre
855 2405 1000 2488 amplius
1020 2400 1248 2467 Protestantes
1269 2400 1405 2487 possunt
1425 2446 1436 2479 ,
1465 2400 1625 2491 justitiam
1646 2402 1744 2469 simul

547 2528 574 2559 η
591 2485 629 2555 &
651 2505 761 2553 omne
789 2488 972 2571 imperium
1001 2504 1082 2553 cum
1111 2484 1184 2550 Reli
1209 2484 1286 2551 ione
1316 2501 1483 2551 excutere
1512 2486 1693 2569 cupientes
1711 2486 1745 2551 ”.

546 2567 624 2635 Ilid.
639 2587 673 2653 p.
696 2575 769 2650 285.
781 2570 861 2655 Vsa.
883 2571 960 2636 Hac
980 2568 1024 2637 de
1043 2587 1080 2635 re
1095 2568 1177 2635 vide
1225 2566 1299 2651 pist.
1319 2569 1411 2634 inter
1427 2566 1563 2635 seledias
1586 2568 1629 2635 ad
1648 2566 1747 2637 Geor-

545 2658 631 2735 giam
646 2652 857 2717 Hennaunum
869 2654 984 2719 datam
1005 2672 1057 2737 14.
1077 2648 1161 2719 Maii
1179 2669 1272 2734 1537.
1287 2650 1530 2719 Crescentibus
1542 2652 1745 2718 tumultibus

548 2735 741 2819 religionis,
760 2737 928 2821 judicium
943 2737 1100 2804 Camerae
1120 2734 1307 2819 imperialis
1324 2734 1462 2802 cessavit
1476 2750 1610 2814 totum,
1631 2736 1746 2802 donec
1818 2758 1831 2771 ·

544 2836 641 2884 anno
665 2824 756 2903 1548.
774 2838 797 2883 a
818 2818 952 2887 Caesare
975 2817 1197 2885 instauratum
1218 2816 1304 2895 suit,
1326 2818 1466 2885 delectis
1482 2818 1562 2886 ase
1587 2816 1747 2903 exViglii

546 2900 716 2968 sententia
733 2900 857 2985 Judice
873 2915 991 2980 novo,
1014 2900 1178 2985 novisque
1199 2901 1524 2981 Assessoribus,cum
1542 2904 1641 2968 novis
1679 2902 1746 2969 ari·

544 3002 604 3052 ser
621 2985 909 3061 ordinationibus,
921 2987 1052 3068 quibus
1070 2984 1182 3052 Caesar
1199 2984 1413 3075 ordinesque
1437 2984 1642 3069 Imperii-au
1677 2986 1746 3053 ori·

547 3082 655 3135 tatem
679 3072 899 3153 pragmaticae
922 3068 1113 3135 Sanctionis
1133 3070 1423 3152 impertirerunt:
1454 3070 1551 3153 cujus
1580 3068 1673 3137 sorte
1694 3072 1746 3136 rei

548 3152 629 3218 alibi
648 3150 948 3219 nascetutoccafio
961 3152 1100 3222 dscendi
1110 3176 1120 3231 3
1131 3171 1175 3217 ex
1187 3152 1336 3235 epistolis
1353 3152 1448 3235 Vigst'i
1462 3168 1534 3220 tom.
1547 3175 1579 3236 4.
1594 3174 1614 3216 u
1626 3170 1660 3239 p.
1669 3171 1743 3237 495.

589 3234 1354 3320 (a)Du·xW11unnntuanvaa1n
1391 3252 1743 3303 sonareraavru

549 3338 612 3387 ua
631 3319 719 3402 dte]
743 3318 931 3385 Consilium
943 3318 1039 3384 lirum
1051 3312 1097 3385 ile
1110 3318 1272 3385 mutanda
1284 3318 1486 3387 conditione
1504 3318 1630 3415 Spirensi
1648 3318 1745 3387 Geor-

546 3411 597 3486 gio
618 3401 794 3466 Hermanno
813 3400 963 3485 primum
981 3400 1157 3485 exposuit:
1181 3442 1204 3473 ‚‚
1220 3402 1385 3469 Bavarica
1406 3402 1562 3469 conditio
1582 3401 1746 3469 bastenus

546 3525 575 3559 ,‚
593 3504 647 3550 me
664 3484 1011 3569 suspensum‘habuim
1033 3504 1145 3568 neque
1160 3486 1251 3551 enirn
1267 3487 1428 3553 lubenter
1441 3504 1516 3553 eam
1529 3486 1745 3553 occasionem

548 3608 576 3642 ‚,
592 3570 734 3644 amitto,
756 3568 794 3637 dt
813 3587 882 3650 quo
907 3570 1017 3633 minus
1046 3570 1081 3633 in
1105 3566 1263 3651 praesenti
1288 3569 1490 3635 conditione
1508 3568 1766 3647 Assefforatns,

475 3693 477 3696 -
548 3686 575 3726 ,‚
593 3652 743 3716 animum
767 3651 970 3717 confirmare
987 3652 1141 3728 valeam,
1163 3653 1268 3719 multa
1295 3654 1498 3736 impediunt.
1542 3653 1584 3719 Id
1603 3652 1666 3719 tibi
1686 3654 1748 3718 ali·

549 3774 575 3807 „
593 3734 731 3816 quando
752 3754 869 3799 cor-am
893 3734 1053 3819 exposui,
1083 3735 1173 3801 haud
1200 3734 1405 3804 constituisse
1428 3754 1486 3802 me
1508 3738 1544 3801 in
1566 3751 1607 3802 ea
1626 3736 1748 3803 condi-

519 3851 521 3854 ·
547 3819 688 3893 „tione
709 3814 972 3895 consenescere,
994 3816 1050 3883 sed
1073 3816 1242 3901 tantisper
1267 3820 1445 3887 dumtaxat
1469 3838 1510 3887 ea
1532 3820 1608 3897 uti,
1629 3818 1746 3903 quoad
1851 3817 1854 3825 ’

548 3941 576 3975 „
592 3900 688 3965 usum
709 3898 850 3966 sorensis
871 3902 987 3983 praxis
1007 3898 1043 3968 δι
1064 3900 1213 3986 linguam
1228 3900 1470 3971 Germanicam
1490 3902 1642 3969 exactius
1659 3902 1748 3969 didi-

548 4001 688 4061 „cero
730 3982 904 4049 Neutrum
924 3997 1015 4050 uero
1038 3982 1150 4052 adhuc
1176 3982 1248 4051 sum
1279 3986 1511 4061 consecutus,
1548 3984 1607 4053 sed
1631 4002 1746 4053 tamen

548 4066 768 4150 „utriusque
792 4068 875 4132 mihi
897 4086 967 4135 non
994 4068 1206 4135 mediocrem
1233 4068 1378 4137 frustum
1403 4071 1459 4137 hic
1508 4068 1671 4155 ercepisse
1693 4070 1747 4135 vi-

547 4190 577 4225 „
593 4150 690 4217 deor.
731 4150 788 4217 Ab
812 4151 874 4217 isto
894 4171 980 4218 vero
1000 4150 1082 4217 loco
1103 4154 1251 4218 maxime
1274 4152 1379 4220 velim
1395 4152 1442 4219 ad
1459 4089 1605 4303 afquam
1623 4153 1747 4218 condi·

393 4258 398 4265 ·
461 4295 466 4303 ,
550 4236 723 4309 „tionem
747 4254 802 4301 me
823 4236 944 4301 vocari
970 4236 1006 4300 in
1027 4234 1200 4302 inferioris
1217 4234 1414 4302 Germaniae
1430 4238 1468 4321 ju
1493 4234 1748 4321 icio,‘praeser·

548 4319 656 4392 „tim
678 4318 991 4470 apudMethsim‘om.
1034 4318 1106 4387 Sed
1134 4322 1169 4385 in
1193 4320 1257 4385 hac
1280 4334 1381 4387 aetate
1401 4320 1572 4403 (annorum
1585 4322 1746 4403 triginta)

544 4438 577 4477 υ
592 4402 694 4471 viae
743 4404 837 4487 quod
859 4404 992 4489 sperem
1012 4402 1092 4473 voti
1119 4421 1174 4475 me
1202 4418 1402 4489 compotem
1427 4402 1502 4471 fieri
1530 4401 1636 4491 posse.
1677 4402 1744 4498 Etsi

1300 4520 1304 4530 ’
1614 4527 1640 4565 η
1656 4502 1748 4554 emm
