3934 5192
362 549 364 557 =
444 540 511 616 m
556 511 817 618 Arrun
856 502 1256 623 zulc'uu'nr.
1401 550 1454 643 η

88 694 89 705 Ν
240 710 361 791 demia
374 713 562 805 Patauino,
589 712 688 810 quod
707 713 970 792 Commentaria
986 722 1057 817 ejnt
1077 714 1450 819 ininfir‘tutionestesta·

88 834 90 871 ὲ
241 814 390 899 bantur,
416 833 459 885 ac
487 834 560 885 non
584 832 664 887 cum
691 812 826 887 minore
844 816 947 887 laude
965 816 1003 887 iu
1017 814 1159 909 Judicio
1175 810 1352 911 Imperiali
1366 836 1449 888 eum

240 904 375 982 versari
394 906 606 995 audiviffet,
631 910 749 983 multis
769 910 922 1005 pramiit
944 932 1013 1007 per
1035 930 1179 1006 magnot
1197 911 1244 983 ali
1269 928 1334 983 uot
1350 911 1448 985 viros

240 1026 324 1077 eum
355 1001 579 1092 sollicitavit,
603 1026 645 1079 ut
666 1006 705 1077 ln
736 1002 929 1080 Academia
955 1005 1013 1079 sna
1033 934 1271 1102 Ingolriaditnd
1295 1004 1446 1079 docendi
1510 1096 1514 1106 ,

237 1120 365 1173 mount
384 1096 585 1197 susciperet.
636 1098 767 1177 Amicis
786 1099 859 1198 (a)
878 1122 1015 1189 autem,
1039 1124 1120 1176 cum
1164 1100 1267 1173 uibut
1281 1124 1358 1175 eam
1373 1123 1446 1175 rem

238 1196 545 1287 communicabat,
568 1216 640 1269 non
655 1194 849 1270 consultum
860 1197 1070 1282 videbatur,
1095 1216 1134 1271 ut
1183 1198 1357 1271 ustionem
1371 1219 1447 1269 mu·

236 1312 356 1380 taret3
375 1290 498 1365 verim
508 1290 580 1388 ipl'e
589 1294 738 1367 docendi
746 1290 966 1389 discendique
976 1292 1088 1367 studio
1096 1288 1446 1387 addudiuc,(tametll

237 1390 277 1464 in
293 1389 422 1483 iudicio
434 1386 590 1463 Camerae
608 1388 686 1461 satir
704 1391 924 1484 tranquillam
945 1392 1220 1499 honoratamque
1236 1390 1384 1462 vittma
1479 1394 1493 1409 “

235 1492 315 1654 ἷξε,
341 1504 491 1651 qqtaqmen
510 1488 606 1581 quod
624 1484 739 1597 ibide
752 1484 934 1599 Religione
948 1508 1121 1583 perpetua
1136 1482 1359 1652 drspqtatcilori
1377 1504 1442 1652 sqq

235 1581 1331 1787 tllnlllllnllllllllllffiallzltllllzlln?
1356 1602 1441 1772 pl?

227 1770 452 1869 ieli'tonrl'qoe
481 1794 602 1867 munus
628 1769 854 1864 honestrlitml
878 1773 1080 1849 conditione
1114 1794 1280 1845 evocatus
1314 1794 1437 1847 conct-

230 1874 341 1956 dere,
367 1890 438 1940 non
459 1867 687 1965 respuendum
718 1866 779 1942 fibi
808 1872 962 1945 duceret.
1013 1870 1125 1965 Quod
1150 1868 1328 1942 confilium
1354 1892 1436 1943 curn

231 1964 396 2059 Collegae
411 1968 483 2060 ejus
501 1967 538 2037 in
558 1966 695 2063 judicio
717 1965 874 2039 Camere
896 1964 1157 2051 intellexilitnt,
1181 1969 1298 2037 multis
1322 1966 1436 2038 modia

229 2062 276 2139 ab
294 2071 344 2135 ea'
357 2082 437 2133 curn
455 2082 612 2135 avertere
630 2062 705 2135 sunt
727 2064 855 2135 conati.
906 2060 1038 2134 Verlnn
1057 2060 1226 2155 cumipse
1241 2064 1311 2157 jam
1328 2062 1434 2135 fidem

230 2154 496 2232 snamlllustm.
522 2158 669 2229 Bouaria
690 2156 786 2231 Duei
813 2158 1064 2243 obstrinxisset,
1088 2160 1124 2231 in
1151 2154 1333 2251 proposito
1354 2181 1435 2253 per-

230 2251 367 2328 manlit.
416 2250 588 2349 Sperabat
606 2276 748 2350 qnoque
766 2252 801 2325 se
820 2256 1000 2350 aliquanto
1015 2256 1190 2326 utiliorem
1210 2274 1352 2348 operam
1369 2255 1434 2325 stu·

228 2348 335 2426 tliofie
353 2346 450 2443 polle
474 2370 601 2423 navare
620 2374 723 2446 quatu
743 2370 863 2435 antea,
888 2348 1073 2444 postquam
1096 2346 1312 2422 ecclelialiici
1338 2346 1434 2421 secu·

228 2448 382 2542 latioque
395 2440 466 2517 fori
480 2440 670 2539 praetentu
687 2450 838 2543 aliquam
856 2446 891 2517 in
902 2442 1119 2519 Officiulanis
1137 2441 1434 2517 eccleliasticinru·

86 2574 87 2577 ¹
230 2566 338 2630 nere,
358 2538 565 2636 judicioque
578 2540 741 2711 sqqremo
758 2540 931 2617 causarum
941 2542 1085 2636 Imperii
1094 2537 1272 2625 versatur,
1296 2560 1433 2635 eaquae

227 2638 378 2733 cognitu
396 2638 504 2739 magis
518 2656 604 2712 nect
633 2639 703 2712 aria
721 2641 941 2723 viderentur,
967 2638 1011 2711 ab
1029 2636 1187 2711 inanibus
1207 2633 1433 2712 scholasticis·

86 2784 87 2791 κ
228 2758 300 2831 que
322 2732 570 2809 subtilitatibus
600 2733 796 2810 discernere
820 2730 944 2831 pollet.
996 2732 1106 2808 Venit
1131 2752 1246 2807 autem
1272 2732 1430 2829 ingolsta-

86 2832 87 2847 ’
227 2834 314 2905 dium
329 2825 406 2924 (4)
423 2826 484 2939 sub
503 2819 607 2901 finem
623 2833 704 2904 anni
725 2852 827 2923 1537.
846 2830 1048 2998 ibidemque
1063 2828 1248 2927 permuniit
1264 2827 1429 2923 usquead

253 2924 368 2999 alicha
384 2946 467 2997 anot
487 2944 598 3015 1542,
623 2926 800 3025 coepitque
816 2924 975 3023 profiteri
1000 2925 1172 3000 ecundam
1190 2944 1325 3021 partem
1339 2926 1427 3022 Dig.

261 3044 311 3095 et.
327 3020 498 3115 incipiens
517 3022 561 3092 ab
579 3020 644 3095 iit.
660 3026 698 3095 de
714 3024 776 3094 reb.
796 3024 877 3095 cred.
895 3016 938 3104 δ’
946 3018 980 3113 fi
996 3042 1072 3094 cerr.
1086 3040 1149 3115 per.
1170 3020 1346 3132 Legitque
1360 3044 1427 3118 per

86 3122 87 3141 ¹
225 3118 264 3193 id
282 3116 304 3189 s
322 3118 436 3189 atium
453 3134 603 3212 quatuor
622 3140 813 3203 annorum,
838 3120 1042 3214 aliquotque
1066 3114 1251 3201 mendum,
1276 3136 1427 3210 prumam

171 3278 177 3287 .
225 3212 265 3291 dc
289 3140 475 3285 idcundam
499 3232 635 3307 partem
662 3213 797 3287 Codicis:
822 3216 975 3311 itemque
999 3216 1148 3308 primam
1174 3210 1213 3284 dt
1239 3210 1424 3285 secundam

225 3328 363 3406 partem
390 3306 515 3405 uigeat·
541 3308 685 3397 (birris,
708 3312 744 3383 in
767 3332 853 3405 quaa
881 3310 918 3383 δι
940 3308 1220 3381 Commentarios
1243 3304 1325 3379 satit
1348 3308 1426 3379 dili·

224 3426 352 3502 genter
370 3401 589 3499 conscripfit,
616 3426 703 3500 quot
724 3407 891 3483 tamenin
909 3404 1092 3499 publicum
1112 3403 1171 3475 edi
1186 3404 1298 3475 vetuit
1314 3402 1399 3499 (5).

228 3528 231 3536 ¹
273 3498 439 3573 XXXVI.
465 3498 570 3571 Anno
597 3523 712 3574 autem
742 3520 845 3592 1539.
869 3497 1012 3573 Ftiliam
1034 3495 1263 3593 parentesque
1283 3496 1347 3570 sub
1362 3522 1424 3573 va·

218 3599 400 3673 cationum
417 3592 610 3669 aestivarum
634 3618 771 3691 tempus
790 3592 930 3682 invisit,
955 3618 1043 3691 quos
1059 3616 1141 3669 nunc
1157 3594 1272 3668 adhuc
1289 3597 1424 3669 incolu-

218 3716 295 3768 mes
321 3692 471 3788 reperit,
495 3711 639 3765 matrem
666 3689 742 3791 (1)
768 3710 884 3765 tamen
913 3692 983 3793 jam
1011 3692 1234 3791 grandaevam
1262 3714 1355 3767 anno
1372 3688 1423 3767 se·

222 3792 346 3889 quenti
371 3808 472 3878 1540.
495 3785 616 3861 amifit.

223 3924 228 3941 ·
268 3882 454 3984 xxxva.
474 3880 821 3998 Audiebatntautem
839 3882 882 3957 ab
897 3882 1110 3997 sebolaribus
1126 3885 1310 3970 lubenter,
1335 3883 1423 3994 mul-

217 3978 1428 4174 lllzlllffnltlllllilllill‘isslfedildrid1

86 4208 88 4239 ι
218 4184 266 4251 cit
282 4172 382 4247 ltalia
401 4173 533 4245 accitos
550 4168 825 4264 June-consultos
848 4174 998 4268 collegas
1019 4174 1182 4248 haberet:
1208 4170 1341 4243 Fabium
1362 4176 1419 4245 vi·

182 4348 190 4365 ,
216 4270 347 4347 delicet
366 4268 542 4343 Romanum
560 4266 632 4364 (1)
655 4268 693 4342 dc
706 4256 1050 4343 Marcum‘Annntum
1068 4272 1221 4363 Coyrnum
1248 4270 1265 4355 (
1276 4267 1322 4363 a)
1342 4267 1417 4338 Me·

214 4363 433 4517 litlanrnltn.
483 4362 600 4461 Ipsum
622 4366 726 4439 etiam
744 4364 893 4533 Βαυανίε
911 4362 998 4437 Dux
1022 4364 1058 4437 iu
1075 4362 1172 4439 suum
1188 4362 1433 4549 accivciitfiqqqq
