3934 5192
430 469 1181 570 PRAEFATIO.

209 679 290 770 da:
319 699 443 792 quare
472 667 529 758 de
559 676 647 777 ejus
669 671 886 784 genere&
910 669 1110 782 proaviS,
1139 673 1236 757 cilm
1256 672 1309 762 ad
1329 702 1412 765 ma-

210 821 316 885 num
365 785 530 889 client,
571 783 766 872 dedimus
796 783 1012 870 nonnulla.
1074 785 1247 900 Scripsit
1285 786 1411 906 Hugo

213 907 382 994 Grotius
410 904 522 1008 (ιο)
551 897 767 991 Vloctum
797 895 908 985 haud
925 923 1075 1008 magna
1092 900 1227 988 domo
1247 927 1406 990 natum.

207 1019 310 1108 Fuit
334 1037 450 1105 certe
478 1017 589 1100 inter
611 1011 782 1099 Frilicas
805 1011 1038 1124 speslabilis
1070 1015 1112 1099 δι
1139 1011 1229 1101 non
1248 1015 1411 1130 ignobi·
1510 1052 1512 1062 ·

207 1133 281 1234 lis,
314 1133 382 1218 cui
402 1125 668 1240 splendorem
696 1125 871 1213 minime
888 1123 1078 1216 sucatum
1107 1129 1289 1216 contulit
1310 1135 1406 1218 cum

209 1245 347 1336 Euclio
369 1243 504 1354 Aytta¹
534 1242 584 1328 de
610 1236 821 1328 Zuitlrem
861 1247 949 1348 ejus
977 1261 1171 1354 patruus,
1196 1262 1293 1349 ,tum
1323 1243 1409 1336 Vr·
1519 1247 1522 1256 '

211 1384 372 1447 etrus
401 1354 512 1468 ipse,
541 1355 613 1466 qui
631 1353 778 1465 Eques
796 1383 820 1440 a
839 1351 1004 1445 Caesare
1022 1377 1211 1458 creatus,
1243 1383 1319 1470 per
1334 1386 1405 1447 va·
1481 1351 1486 1365 ’

208 1475 271 1562 ria
289 1497 433 1559 munia
460 1463 682 1580 officiaque
712 1465 1160 1586 conscenditduplicis
1190 1469 1303 1584 apud
1329 1472 1416 1559 nos'

207 1584 400 1686 senatur,
427 1580 555 1670 rebus
565 1579 754 1782 publicis
778 1579 972 1668 curandis
996 1581 1229 1688 constituti,
1259 1584 1408 1696 princi·

241 1701 352 1789 alem
370 1699 511 1784 locum
521 1723 535 1796 ;
622 1695 664 1778 in
684 1693 833 1782 ordine
854 1693 1129 1782 ecclesiastico
1149 1695 1254 1784 illud
1273 1701 1410 1787 tenuit

208 1729 441 1926 sastigium,
470 1830 518 1896 ut
543 1805 871 1922 compellaretur
899 1805 1181 1924 Monseigneur
1212 1813 1262 1896 de
1295 1809 1410 1897 Saiirt

209 1926 365 2017 Bauon.
396 1927 506 2030 (11)
533 1919 740 2010 Praeterea
754 1921 1020 2010 eruditorum
1039 1925 1411 2038 virorumquibus·

210 2069 310 2130 cum
327 2037 398 2126 sibi
417 2033 828 2127 autcontubernium
840 2057 912 2122 aut
930 2035 1053 2122 studii
1066 2033 1317 2143 similitude,
1336 2059 1410 2128 aut

211 2151 519 2260 commercium
536 2146 636 2248 suit,
647 2151 688 2233 dr
708 2147 933 2260 presertim
946 2151 1200 2262 quibuscum
1217 2155 1419 2264 potiores·

99 2287 115 2298 ”
209 2268 357 2358 habuit
387 2259 741 2364 necessitudines,
770 2260 861 2350 asta
887 2285 958 2348 aut
981 2263 1133 2375 scripta
1159 2265 1412 2370 retulimus,

210 2379 284 2470 sed
311 2405 399 2466 non
426 2375 635 2464 continuo
670 2371 883 2488 prosecuti
918 2373 1060 2462 sumus
1094 2377 1283 2489 prolixe,
1314 2377 1411 2466 satis

212 2520 293 2582 nos
313 2489 452 2581 secisse
478 2487 653 2580 subinde
687 2490 763 2575 rati
792 2488 1021 2577 indicando
1052 2487 1268 2597 austures,
1296 2490 1410 2606 apud

213 2606 448 2724 quos,‘qui
473 2602 622 2706 volet,
653 2601 770 2712 plura
798 2603 1037 2716 cognoscat.

271 2717 398 2812 XIV.
436 2715 606 2830 Insuper
633 2715 737 2804 illud
774 2715 947 2804 sollicite
984 2716 1199 2821 cavimus,
1236 2719 1410 2834 nequis

214 2837 372 2924 merito
387 2832 507 2946 queri
538 2827 698 2943 pulset,
728 2829 848 2942 quod
868 2831 911 2916 in
942 2826 1181 2920 illustranda
1209 2831 1410 2928 Vrocrr

213 2947 346 3052 Vita,
375 2966 496 3034 extra
524 2941 730 3044 chorum,
749 2941 867 3056 quod
888 2951 1026 3051 ajunt,
1054 2944 1260 3034 saltemus.
1320 2945 1411 3054 Qui

213 3060 387 3177 quidvis
409 3058 573 3170 arripit,
603 3079 651 3144 ut
667 3057 784 3174 quod
801 3057 893 3144 vult
912 3058 1085 3162 scribat,
1114 3085 1177 3145 nae
1205 3060 1276 3148 ille
1293 3063 1411 3174 inep-

184 3237 188 3246 «
214 3179 279 3265 tit.
338 3171 567 3260 Librorum
585 3168 901 3258 scribendorum
922 3169 1063 3257 nullus
1087 3172 1146 3257 est
1162 3169 1283 3274 finis,
1313 3177 1411 3284 quia

214 3287 380 3375 nullum
394 3283 587 3372 nonnulli
607 3282 776 3374 servant
798 3283 976 3371 modum
984 3313 997 3384 3
1028 3288 1070 3370 &
1083 3283 1157 3371 sibi
1174 3286 1270 3371 solis
1289 3285 1413 3397 placi·

215 3401 326 3504 turi,
355 3396 560 3514 quidquid
583 3396 720 3484 multo
740 3395 876 3484 studio
904 3402 946 3481 dr
974 3399 1171 3482 examine
1200 3397 1410 3512 congelle·

216 3537 340 3616 runt,
368 3509 674 3612 ub‘vcollocent
687 3569 699 3611 ,
728 3529 945 3621 quaerunt,
974 3507 1030 3596 de
1050 3537 1095 3596 re
1114 3539 1208 3624 quae
1224 3539 1308 3623 prae
1325 3539 1409 3601 ma-

214 3625 340 3716 nibus
377 3623 463 3728 cst,
502 3621 727 3708 sollicitum
764 3619 870 3736 saepe
902 3621 1142 3735 linquentes
1178 3623 1411 3728 leslorem,

213 3745 312 3855 qui,
341 3737 445 3826 dum
463 3737 575 3850 gesta
595 3734 719 3824 seculi
739 3731 891 3822 decimi
913 3735 1018 3823 sexti
1043 3739 1271 3851 perquirit,
1300 3739 1413 3852 cogi·

98 3905 101 3960 3
215 3875 285 3945 tur
303 3851 474 3972 audire,
504 3847 607 3970 quid
625 3846 764 3937 seculo
786 3853 911 3940 tertio
929 3853 1157 3961 &quarto,
1185 3847 1316 3938 simile
1337 3873 1412 3939 aut

99 3977 101 4004 2
1281 3961 1418 4053 diver·

260 4159 346 4246 (10)
369 4160 497 4228 Annal.
518 4159 576 4226 lib.
601 4177 630 4226 1.

120 4331 122 4334 Ι
258 4247 341 4328 (11)
365 4246 593 4328 supplement
614 4243 817 4314 chutkens
837 4253 920 4310 tom.
937 4259 967 4310 21.
988 4240 1116 4330 pag.**
1137 4245 1266 4330 ml*
1285 4249 1411 4330 ralla-

209 4331 633 4420 wmmmm
726 4423 728 4426 Ι

873 4523 879 4563 l
