3934 5192
526 578 607 661 208
703 555 1310 654 TESTAMENTUM
1347 555 1593 654 VIGLII

525 757 672 832 seffionis
691 779 777 828 meae
795 755 831 825 in
852 756 1016 826 Duitzimo
1044 749 1265 841 &·Mtrsaal;
1288 753 1498 846 proprietate
1515 749 1744 824 cunitomnt

528 858 777 950 praedistorum
797 852 970 924 bonorum
990 851 1025 920 in
1051 849 1199 921 Zaitham
1236 849 1370 920 retenti
1403 850 1504 942 Vtgsio
1529 849 1746 942 pronepoti

506 1026 509 1041 ‚
528 975 628 1034 meu,
654 950 727 1021 fiiio
746 946 899 1019 duitoris
917 947 1094 1040 quondam
1119 946 1280 1026 Hennes,
1306 966 1409 1036 quem
1425 947 1462 1015 in
1480 945 1528 1017 eis
1550 943 1748 1016 heredem

529 1048 688 1118 instituo:
715 1042 875 1114 sttamen
896 1045 993 1114 illum
1019 1039 1089 1113 stne
1113 1041 1232 1113 liberis
1259 1039 1416 1111 masculis
1440 1041 1610 1113 decedere
1640 1063 1746 1112 com·

529 1145 642 1236 tingat
653 1193 663 1222 ‚
674 1141 798 1212 fratres
813 1138 1009 1232 superstites
1028 1137 1077 1207 ita
1095 1137 1139 1210 de
1156 1135 1238 1230 ipsrs
1257 1135 1462 1230 disponent,
1473 1155 1512 1208 ut
1527 1137 1645 1238 omnia
1662 1137 1745 1212 bo-

529 1261 575 1311 na
592 1231 926 1321 Zuicbemtufiaunita
938 1258 979 1306 ac
990 1235 1027 1304 in
1045 1230 1172 1305 familia
1193 1232 1307 1303 nostra
1326 1233 1470 1325 Ayttana
1485 1253 1743 1326 permaneant.

580 1331 730 1409 XXIX.
755 1330 887 1403 Fratris
913 1352 1055 1426 quoque
1083 1330 1256 1420 Serapionis
1274 1327 1412 1400 filiabus
1436 1351 1624 1424 earumque
1640 1331 1746 1403 libe·

533 1434 602 1519 ris,
627 1433 710 1502 loco
735 1447 883 1500 matrum
908 1443 1228 1522 praemortuarum,
1261 1425 1416 1520 praelego
1446 1423 1625 1498 dimidiam
1646 1448 1744 1522 par-

534 1546 605 1600 tem
647 1547 765 1603 earum
803 1544 973 1596 terrarum
1006 1522 1286 1617 praediorumque
1319 1517 1462 1594 sitorum
1492 1520 1542 1596 in.
1560 1526 1747 1617 parochia

539 1626 617 1698 Stae.
641 1623 743 1699 Anna
756 1670 771 1704 .,
814 1625 847 1691 iu
878 1622 1008 1706 Bisdia,
1047 1639 1125 1714 quae
1149 1618 1358 1693 cancellario
1381 1614 1639 1692 stveesstrutrdo
1664 1623 1745 1694 Bu·
1786 1701 1787 1706 ,

538 1723 625 1792 thoni
657 1738 783 1814 patruo
823 1739 902 1791 meo
939 1715 1034 1812 (piae
1067 1711 1268 1808 memoriae)
1306 1713 1346 1788 δι
1380 1711 1518 1788 cuidam
1550 1713 1747 1790 Hermanno

540 1815 629 1886 Coms
661 1815 697 1886 in
730 1812 930 1908 questorum
963 1808 1133 1908 Registris
1162 1807 1431 1898 adscribuntur,
1475 1833 1517 1884 ae
1540 1807 1664 1906 postea
1689 1812 1745 1886 ad

528 1932 595 1982 me
626 1909 670 1981 ab
696 1907 808 2003 Regia
832 1907 1018 2002 Majestate
1045 1908 1150 1982 titulo
1182 1905 1439 2003 emptionia·&
1471 1909 1742 1995 donationi'sjn

538 2008 853 2079 remunerationem
892 2003 1113 2079 servitiorum
1153 2025 1312 2102 meorum
1342 2025 1611 2102 pervenerunt3
1653 2029 1743 2081 cum

539 2100 703 2176 facultate
734 2121 850 2173 tamen
884 2099 1075 2174 redimendi
1106 2097 1142 2171 &
1176 2101 1293 2195 pretio
1324 2100 1450 2194 viginti
1480 2103 1637 2196 quinque
1661 2102 1745 2176 mil·

539 2201 626 2272 lium
658 2197 880 2293 septuaginta
912 2194 994 2269 otto
1027 2193 1243 2269 florenorum
1278 2198 1512 2270 carolinorum
1549 2199 1744 2272 duodecim

540 2294 746 2371 stufetorum
770 2313 881 2388 prout
904 2317 949 2366 ex
971 2293 1095 2366 litteris
1119 2291 1302 2366 constabit.
1352 2293 1420 2364 Ida
1444 2315 1584 2390 quoque
1607 2293 1646 2368 ἃ
1664 2295 1739 2386 Ju-

541 2393 622 2462 dota
640 2392 782 2463 remitto
801 2391 993 2470 redditum,
1018 2410 1123 2484 quern
1144 2386 1249 2482 super
1267 2387 1369 2460 bonis
1388 2388 1537 2483 ipsarum
1558 2391 1593 2462 in
1610 2387 1744 2486 posses-

542 2486 636 2558 sione
660 2487 704 2558 ad
727 2485 818 2580 ipsas
843 2487 1042 2580 pertinente
1069 2485 1105 2556 in
1134 2485 1313 2569 Wtrdtmt,
1347 2483 1392 2555 ab
1421 2485 1582 2559 Domino
1608 2487 1741 2583 sgrttmo

544 2583 684 2679 ejusque
703 2580 853 2674 conjuge
872 2581 1018 2654 Mintzia
1036 2581 1120 2653 olim
1135 2579 1350 2674 comparavi.

593 2679 716 2750 XXX.
741 2679 809 2750 sdoe
825 2699 942 2750 autem
958 2679 997 2750 δι
1017 2675 1195 2770 Juqutsinae
1222 2673 1339 2748 fratria
1361 2676 1430 2750 mei
1453 2678 1627 2760 Gerbtattdi
1653 2677 1744 2755 filia-

543 2774 611 2846 bus
627 2777 782 2869 praeiego
802 2775 946 2844 alteram
964 2772 1142 2845 dimidiam
1167 2772 1361 2868 aequalibus
1384 2773 1542 2866 partibus
1564 2777 1658 2848 inter
1680 2801 1743 2852 eas

546 2869 790 2954 dividendam,
815 2891 894 2941 cum
912 2889 1018 2942 onere
1037 2889 1081 2940 ert
1105 2867 1223 2941 eadem
1245 2869 1459 2944 dimidietate
1475 2874 1661 2962 quotannis
1678 2871 1747 2946 sol·

545 2966 654 3037 vendi
672 2967 723 3037 M.
744 2966 867 3058 Joonni
885 2962 959 3036 filio
983 2967 1131 3037 naturali
1158 2964 1286 3039 Rintzt‘t'
1303 2965 1410 3058 Ayttoe
1428 2964 1545 3038 fratris
1563 2970 1630 3042 mei
1648 2966 1745 3064 (piae

546 3059 746 3155 mempriae)
771 3057 878 3132 sandii
893 3059 990 3132 Petri
1014 3062 1106 3156 apud
1124 3053 1448 3151 Ariamcadonico,
1474 3083 1613 3136 centum
1636 3063 1746 3138 flore·

546 3181 612 3230 not
636 3159 811 3230 carolinos
835 3157 952 3251 quoad
975 3157 1125 3238 vixerit,
1150 3155 1175 3228 st
1201 3157 1313 3230 eidem
1334 3159 1585 3252 equivalentem
1608 3157 1744 3234 Reddi·

545 3273 621 3328 tum
640 3253 713 3325 vita
728 3254 854 3325 comite
873 3274 945 3324 non
962 3253 1187 3348 assignavero,
1213 3251 1266 3326 uti
1279 3275 1345 3348 pro
1359 3253 1483 3327 Ferritt
1504 3253 1577 3329 filio
1592 3259 1746 3332 naturali
1817 3315 1826 3324 .
1884 3249 1886 3260 ’

549 3350 725 3423 Gerbrondi
741 3347 859 3420 fratris
873 3349 943 3421 mei
958 3373 979 3420 a
996 3373 1050 3422 me
1063 3345 1194 3421 faiium
1205 3351 1275 3444 jam
1293 3349 1350 3422 est.

598 3443 754 3520 XXXI.
782 3443 935 3518 Doiioti
955 3445 1094 3516 Buthoni
1112 3445 1329 3518 aMontzima
1347 3439 1537 3540 Praeposrto
1554 3447 1618 3531 Sti,
1641 3448 1748 3544 Joan-

548 3544 601 3613 nis
628 3537 879 3633 Traiediensrs,
905 3539 1104 3636 fratribusq.
1131 3541 1204 3634 ejus
1228 3537 1377 3616 Dostori
1404 3541 1550 3618 Fosctrdo
1569 3551 1744 3624 canonico

549 3637 616 3709 Sti.
642 3637 831 3709 Salvatoris
862 3637 1023 3718 ibidem,
1056 3660 1097 3709 ac
1121 3635 1277 3709 Takouia
1310 3639 1496 3712 Montzima
1515 3691 1531 3728 ,⁴
1558 3637 1743 3740 sororique

442 3800 444 3807 .
550 3757 670 3806 eorum
710 3735 838 3804 Boukra
870 3733 974 3805 uxori
1000 3732 1096 3803 Pausi
1122 3734 1255 3806 Bracktr
1282 3735 1363 3827 lego
1395 3731 1528 3831 septem
1562 3738 1744 3828 redditus,

548 3852 637 3921 quos
660 3830 774 3900 habeo
806 3827 909 3922 super
939 3829 1077 3920 oppido
1109 3827 1450 3918 Amsterodamenii,
1495 3833 1746 3912 constituentes

546 3925 647 3996 simul
681 3922 845 3996 summam
877 3921 1116 3997 sexcentorum
1146 3925 1290 4020 triginta
1315 3927 1417 3998 unius
1442 3927 1675 4006 Florenorum
1703 3936 1745 4010 dt

546 4023 701 4115 quinque
727 4019 935 4094 stuferorum
965 4043 1175 4106 annuorum,
1200 4021 1353 4115 singulos
1378 4047 1497 4098 eorum
1522 4051 1749 4125 comparatos
1843 4093 1851 4102 ,
1884 4028 1886 4054 ¹

547 4119 691 4190 denario
722 4119 859 4190 decimo
885 4117 1207 4214 sexto,aequaiiter
1222 4119 1312 4191 inter
1336 4142 1396 4191 eos
1413 4119 1644 4214 dividendos,
1670 4125 1747 4200 abs·

545 4237 614 4308 que
643 4214 758 4306 aliqua
784 4212 1016 4288 defalcatione
1041 4217 1233 4310 pecunia,
1279 4237 1382 4307 quam
1406 4239 1472 4310 pro
1500 4222 1748 4316 redemptione

548 4311 681 4385 aaronis
697 4309 780 4379 olim
799 4314 968 4404 erogavi,
991 4311 1139 4388 duorum
1157 4309 1323 4390 videlicet
1346 4315 1491 4390 millium
1519 4314 1556 4389 &
1575 4320 1744 4412 quadrin-

546 4426 732 4502 gentorum
748 4401 973 4485 florenorum.
1077 4495 1082 4499 ,
1590 4466 1606 4492 .
