3934 5192
363 568 447 639 aa
484 506 778 637 nerra
824 530 1262 637 Z'Uch'EMl.
1362 566 1438 633 12³1

219 774 256 815 ο
270 735 418 885 Primo,
448 754 492 803 te
511 698 686 803 sacrorum
704 751 824 831 curam
843 752 910 831 pro
936 734 1072 832 deserta
1092 735 1297 833 habentibus
1317 782 1327 811 ,
1346 734 1439 831 ¹lipi-
1503 698 1508 707 Ι

222 860 257 899 υ
287 838 463 905 0οΡοΝῐῦ
485 820 675 903 exemplo,
703 818 971 904 Episcopuque,
1000 834 1050 887 uti
1074 820 1213 899 soleat,
1243 836 1279 885 m
1297 816 1435 885 Frrliam

229 944 257 983 „
272 920 348 971 non
364 903 640 980 ventitantibus,
665 900 851 983 Officiolinm
867 903 905 970 dr
921 902 1199 987 Commtfforr'orum
1220 920 1312 969 nova
1326 904 1436 969 nomi·
1535 954 1542 975 .

104 999 109 1032 ³
224 1026 260 1063 „
275 1004 323 1053 na
339 985 378 1055 δι
404 998 498 1053 nota
524 984 708 1053 ministeria
731 986 910 1053 incorum
933 1004 1058 1053 munus
1079 984 1152 1053 lere
1175 982 1433 1053 successerint.’‘
1577 992 1581 997 “

232 1070 325 1137 Haec
344 1070 423 1148 ille,
445 1070 505 1153 qui
526 1068 642 1137 videri
663 1086 803 1153 quoqne
825 1069 940 1152 potest
962 1072 998 1135 in
1018 1068 1168 1219 Sfflff·
1189 1070 1223 1135 cle
1237 1088 1310 1152 agro
1331 1067 1437 1165 Frrjfrae

228 1155 301 1238 deq.
316 1154 391 1219 urbe
405 1152 555 1235 Groning.
572 1170 607 1239 p.
626 1168 679 1233 32.
694 1151 765 1221 edit.
790 1150 888 1219 Grorn
905 1170 957 1218 orr.
974 1157 1068 1237 1646.
1148 1170 1181 1219 rc
1203 1171 1272 1219 non
1292 1168 1435 1219 ommno

229 1235 419 1306 consentio
445 1234 579 1310 umam,
599 1237 661 1319 qui
678 1236 793 1303 commi
818 1243 900 1300 arios
912 1235 1053 1303 eoadem
1071 1238 1151 1303 vult
1170 1234 1235 1302 elle
1250 1252 1335 1318 qnos
1351 1234 1437 1299 Prae-

285 1336 367 1397 tros,
389 1338 475 1386 cum·
492 1320 570 1385 illos
584 1320 709 1385 horum
766 1320 772 1331 '
800 1338 820 1387 e
841 1319 1019 1404 delegatos
1031 1338 1077 1386 ex
1095 1318 1303 1404 subjicienda
1323 1317 1435 1385 statim

227 1319 1142 1571 asam,
1156 1422 1226 1553 a

512 1570 519 1582 ι
732 1530 744 1562 ,
1419 1516 1437 1533 ·

94 1635 97 1646 ,
228 1572 308 1637 rios
326 1568 494 1637 curabant
508 1568 666 1647 interim,
688 1569 803 1636 donec
819 1567 966 1655 subjecta
987 1568 1046 1636 libi
1059 1570 1210 1652 templa,
1232 1589 1286 1637 res
1299 1566 1341 1637 ¹&
1355 1588 1437 1652 per-

94 1753 100 1883 t

230 1654 340 1720 sonan
359 1653 452 1721 statis
467 1653 682 1736 temporibus
700 1654 759 1719 vel
799 1671 839 1717 ro
861 1671 899 1718 re
918 1665 998 1717 nata
1015 1652 1192 1726 visitarent
1234 1672 1273 1718 er
1290 1650 1334 1719 se.
1364 1652 1437 1719 Ha-

233 1738 328 1833 buit¹
344 1734 532 1831 Westfriiia
544 1736 609 1831 ‚seu
638 1670 824 1802 Hollangir
844 1736 998 1833 linteolis
1022 1736 1189 1832 ejusmodi
1208 1672 1438 1833 gropofiruma

230 1818 408 1903 Capitulo
428 1820 569 1903 Majorrs
592 1819 751 1887 Ecclefiae
770 1818 993 1905 TraJedeniis
1013 1818 1175 1886 constitut
1193 1819 1348 1896 solitum,
1378 1836 1438 1903 qut

94 1921 96 2002 ξ
119 1950 124 1957 1
234 1904 347 2004 qualis
364 1902 470 1969 suerit
486 1900 592 1970 docet
614 1902 795 1985 Heuffmius
816 1904 952 1999 exfllibro
966 1903 1111 1999 ‘Co-mera
1126 1926 1149 1981 ‚·
1170 1915 1209 1969 ut
1229 1904 1375 1998 opinor,
1403 1910 1438 1968 m·

232 1984 419 2147 bricsiipgc.
438 1984 580 2053 Heriem,
583 2002 718 2135 ι(1.11133.
762 1985 998 2070 „jurisdictio
1027 1986 1228 2053 omnimodo
1251 1986 1438 2069 Episcopa-

279 2071 304 2135 lr
422 2086 463 2135 ea
483 2086 560 2151 quae
647 2068 942 2153 tjurisdiffionis,
965 2070 1146 2153 pertinent
1166 2070 1209 2136 ad
1233 2068 1435 2153 Capitulum

94 2165 95 2208 1
235 2193 264 2232 „
281 2154 435 2219 nostrum
452 2170 515 2235 per
542 2165 671 2219 terram
684 2152 882 2220 Westlrisrae
906 2152 1129 2238 Trajedenfia
1149 2154 1318 2229 diocesis,
1353 2170 1435 2218 cum

94 2235 96 2296 ἴ
237 2274 266 2311 ,‚
279 2236 358 2322 ejus
369 2232 612 2323 jnrisdictionis
628 2236 835 2302 exercitium
851 2234 1052 2320 Capitulum
1070 2235 1222 2303 nostrum
1236 2236 1437 2303 committe-

94 2340 96 2376 ι
236 2356 270 2397 n.
280 2339 320 2387 re
337 2317 520 2386 consuevit
535 2319 597 2385 uni
615 2338 661 2387 ex
681 2318 868 2385 Canonicin
881 2318 1004 2385 nostris
1020 2318 1250 2387 Praebendatis
1266 2319 1435 2387 advitam

94 2423 96 2493 3
236 2438 266 2478 ,η
280 2402 343 2470 vel
358 2402 400 2469 ad
419 2417 574 2486 tempus,
620 2415 700 2467 rout
715 2399 774 2468 sibi
795 2403 988 2485 placuerit,
1009 2402 1046 2471 δι
1069 2403 1145 2469 talis
1161 2401 1313 2470 officialis
1330 2400 1437 2487 Capi·

94 2584 96 2594 '
238 2608 266 2646 „
280 2571 378 2636 cium
393 2587 439 2654 pe
482 2582 623 2645 etuum,
645 2586 757 2651 neque
775 2568 999 2644 beneficium,
1021 2586 1132 2654 neque
1151 2569 1296 2720 diffinitas
1318 2570 1354 2634 in
1369 2568 1436 2637 Ec·
1519 2612 1524 2618 -
1587 2638 1613 2651 Η

198 2666 203 2671 “
240 2691 267 2727 o
282 2652 385 2720 clefia
407 2671 454 2719 no
501 2671 551 2728 a,
579 2652 616 2720 δι
633 2669 679 2717 ex
698 2654 939 2719 emolumentis
965 2652 1067 2737 ipllus
1088 2653 1176 2749 Juris
1202 2652 1334 2719 idionis
1349 2672 1434 2737 pen-

234 2524 267 2561 „
282 2486 366 2563 tuli,
387 2484 568 2570 Praepossrus
632 2483 767 2571 eslfrifiae
782 2486 987 2569 appellatur.
1029 2486 1073 2551 Et
1095 2484 1183 2553 istud
1201 2504 1270 2553 non
1289 2484 1337 2551 est
1362 2485 1438 2553 offi-

239 2774 267 2812 ‚‚
282 2736 412 2802 sionem
432 2734 600 2819 Capitulo
619 2736 753 2802 solvere
772 2735 954 2801 consuevit
968 2751 1073 2820 prout
1085 2754 1121 2801 m
1139 2736 1380 2804 Commiffione
1398 2738 1436 2805 ‘el

94 2878 98 2885 .
238 2856 266 2895 ,,
281 2818 473 2917 injuncium
491 2817 636 2885 fuerit.''
678 2818 798 2885 Refert
814 2819 895 2885 dein
915 2818 1093 2987 Hessmus
1113 2819 1321 2903 disputatum
1337 2820 1434 2887 fuisse

239 2920 284 2999 an
300 2921 357 2988 Jus
374 2901 605 2999 constituendi
616 2901 812 3005 Propofitum
834 2900 967 2999 Wsssrr'
979 2921 1018 2966 ιω
1039 2903 1082 2969 ad
1100 2902 1302 3001 Capitulum
1322 2904 1435 2989 Majo-

238 3004 286 3053 rrs
300 3000 516 3082 perureret,
537 3004 581 3053 an
600 3004 686 3053 vero
699 2984 742 3053 ad
756 3002 972 3083 princtpem,
994 3004 1070 3069 quae
1093 2986 1177 3085 nihil
1190 2987 1233 3053 ad
1246 3006 1330 3082 nos:
1350 2987 1433 3053 dum

230 3068 1152 3237 intulerit{ereaturarum
1169 3088 1434 3220 tarum

239 3250 307 3305 ret.
349 3234 402 3301 En
418 3236 480 3303 tibi
488 3234 664 3319 epistolam
681 3234 777 3317 Viglii
792 3238 1029 3319 encyclicam,
1054 3253 1155 3318 quam
1170 3235 1299 3321 jure&
1320 3236 1436 3303 autio-
1563 3314 1565 3320 ¹

240 3321 345 3387 ritate
360 3320 420 3385 sua
438 3318 568 3403 scripsit
583 3319 627 3386 ad
651 3316 874 3402 Commiffarios
890 3318 995 3403 Frrstae
1017 3317 1247 3401 Gmningmfis:
1266 3320 1359 3385 unde
1372 3320 1438 3385 du-

240 3401 339 3470 bium
357 3403 423 3479 lit,
453 3419 497 3468 an
518 3402 593 3469 haec
619 3403 698 3467 loca
724 3404 783 3467 uni
801 3402 962 3487 Prepofiro
979 3416 1166 3484 parerent,
1194 3402 1269 3477 vel,
1291 3402 1437 3487 sipluri-

241 3486 324 3562 bus,
343 3503 387 3551 au
405 3483 578 3569 scripserit
594 3503 664 3552 non
677 3499 850 3567 tamquam
870 3484 1069 3570 Praepofitus,
1092 3483 1147 3552 sed
1164 3500 1336 3569 tamquam
1356 3486 1437 3554 Mo-
1558 3538 1564 3551 ,

241 3567 450 3636 nastcriensrs
469 3568 624 3653 episcopi
651 3586 715 3651 per
736 3569 929 3635 universam
947 3568 1109 3635 diocesim
1137 3566 1312 3648 Officiolis:
1342 3573 1436 3654 quod

241 3655 403 3719 ultimum
417 3652 599 3719 verisimile
618 3652 758 3718 videtur
782 3651 881 3729 inde,
912 3650 1006 3734 quod
1031 3651 1205 3735 epistolam
1227 3652 1331 3737 sigillo
1355 3652 1438 3735 Offi-

240 3736 481 3802 aasumensi
529 3734 651 3803 averit.
692 3735 762 3803 Sed
777 3754 821 3801 ne
839 3736 889 3802 ita
898 3732 1104 3801 concludam
1118 3736 1249 3811 obstat,
1268 3738 1362 3820 quod
1374 3740 1438 3811 hos

241 3820 338 3885 viros
355 3833 464 3886 vocet
525 3817 704 3903 mmiffarios
717 3818 810 3902 suos,
839 3836 1030 3901 eorumque
1049 3819 1315 3891 commilitonem
1336 3821 1439 3905 usque

231 3900 387 3988 ‘adsuum
402 3902 571 3968 adventum
595 3900 749 3969 declaret
767 3899 833 3969 else
875 3916 1094 3986 rorogatam:
1140 3922 1194 3967 uae
1214 3920 1233 3969 a
1254 3904 1439 3989 Praeposrto

244 3986 352 4071 magio
378 3982 481 4068 quim
497 3986 542 4053 ab
559 3983 710 4053 Officiali
726 3984 817 4051 dida
838 3920 1052 4067 ‹ficendaque
1079 3922 1254 4055 videntur.
1297 3988 1383 4054 Rem
1401 3990 1439 4055 in

243 4068 362 4137 medio
380 4068 548 4150 relinquo.
589 4069 641 4135 En
662 4064 790 4135 verba}
823 4066 1042 4152 Commiffort'r'r
1058 4068 1163 4152 Frifiae
1181 4068 1297 4136 Gmnrn
1318 4068 1389 4154 enssr
1407 4079 1441 4136 in

243 4150 369 4233 Bafioe,
397 4158 431 4215 in
451 4150 644 4229 Oldmbove,
670 4158 704 4216 in
730 4151 826 4217 Leros
840 4194 852 4228 ,
882 4158 914 4215 in
936 4150 1095 4235 Usquam,
1124 4158 1157 4215 in
1175 4095 1380 4257 Lopperfum,
1408 4162 1442 4220 in

243 4233 438 4320 Ferrucffum.
481 4234 736 4310 „Venerabilis
760 4236 912 4302 Domine
930 4233 1187 4313 Commillarie,
1210 4256 1288 4304 cum
1308 4238 1441 4303 novilli-

245 4359 273 4394 „
287 4337 344 4387 me
360 4317 574 4394 scriberem,
608 4336 680 4388 non
695 4318 896 4385 arbitrabar
906 4336 993 4401 opus
1016 4316 1109 4397 fore,
1131 4334 1176 4386 ut
1192 4320 1330 4405 ignotus
1346 4320 1440 4395 idem

163 4412 166 4419 '
243 4442 270 4481 η
285 4400 402 4473 rursus
420 4400 538 4499 lacere
552 4401 727 4477 deberem.
768 4400 1063 4569 contigebamque
1076 4404 1118 4471 in
1140 4402 1293 4473 Domino
1314 4405 1442 4553 ιιτὲιηῗ
