3934 5192
530 525 616 631 284
729 509 1112 608 FUNDATIO
1152 504 1579 634 Donati-suut
1684 495 1691 510 ’

528 705 631 795 strae,
656 706 694 782 dt
719 701 945 800 Hospitalis,
967 687 1319 798 sustentationemque
1342 698 1476 796 septem
1501 702 1749 798 personarum

528 819 726 906 seniorum,
747 813 1015 912 Ludimagistri,
1039 817 1168 911 sexque
1185 811 1483 902 scholasticorum,
1507 812 1605 890 simul
1618 817 1657 892 &
1673 841 1748 892 auc

530 926 712 1004 niversarii
731 927 837 1005 nostri
861 927 899 1000 in
917 925 1074 1023 Zuyrbrrn
1096 924 1258 998 servandi
1284 920 1322 996 dt
1344 925 1569 1010 celebrandi,
1605 949 1744 1002 uotum

530 1035 710 1123 iacimus,
748 1037 847 1136 quod
871 1087 885 1124 ,
924 1034 1209 1132 quandoquidem
1236 1033 1512 1131 affiguaverimus
1540 1025 1742 1110 duodecim

529 1146 639 1222 millia
657 1145 870 1235 florenorum
889 1144 1018 1238 viginti
1044 1138 1085 1220 st.
1104 1139 1396 1218 Brabautinorum
1414 1143 1451 1214 in
1476 1143 1622 1218 diversis
1643 1149 1739 1220 redi

531 1255 625 1332 tibus
641 1255 840 1332 Ordinibus
862 1251 1086 1342 Hollandiae,
1113 1251 1329 1348 Civitatique
1355 1249 1665 1342 Auulielodameuli
1685 1251 1739 1326 as·

531 1364 698 1464 signatis,
728 1367 986 1466 dignationem
1014 1361 1160 1438 eandem
1187 1365 1463 1452 mutaverimus,
1495 1361 1535 1438 dt
1560 1367 1599 1440 iu
1624 1357 1733 1461 maio

532 1499 607 1550 tem
630 1477 845 1553 securitatem
867 1473 1121 1550 dederimus&
1144 1474 1400 1570 reliquerimus,
1426 1474 1545 1550 damus
1571 1475 1611 1552 dt
1628 1477 1731 1550 relin-

534 1589 673 1682 quimus
696 1587 789 1662 hisce
811 1605 926 1662 certos
946 1585 1080 1658 reditus
1098 1580 1338 1658 sexcentorum
1363 1587 1615 1682 quinquaginta
1631 1583 1739 1660 flore-

535 1721 660 1772 norum
690 1699 864 1772 annuatim
889 1717 1030 1768 nummo
1053 1691 1267 1766 duodenario
1292 1691 1542 1782 redimendos,
1575 1693 1736 1792 nuperri-

535 1808 595 1884 rue
612 1833 633 1882 a
651 1809 828 1904 Maiestate
850 1805 909 1882 fua
933 1827 1117 1902 acceptos,
1141 1809 1177 1880 in
1204 1805 1306 1879 certis
1327 1807 1417 1900 agris
1441 1807 1476 1880 iu
1499 1801 1638 1896 Frism,
1659 1803 1740 1885 ,fitis

535 1918 574 1992 in
591 1917 769 1993 Paroclria
785 1917 823 1990 S.
841 1911 986 2009 Jacobs,
1012 1917 1053 1987 in·
1069 1913 1245 1990 sortitione
1261 1934 1319 1988 aut
1337 1935 1411 1988 ruta
1430 1915 1613 2008 portione,
1639 1911 1741 1988 dieta
1802 1973 1805 1984 .

535 2023 670 2102 sortitio
697 2027 844 2102 sicorim
869 2047 933 2098 oar
963 2017 1169 2130 Wyngnrdrn
1189 2074 1207 2110 ,
1250 2044 1487 2122 praetereaque
1518 2027 1610 2100 alios
1639 2025 1732 2098 redi·

535 2157 591 2210 tus
615 2158 849 2212 trecentorum
873 2133 1130 2230 quinquaginta
1149 2131 1225 2208 flor.
1251 2129 1369 2240 aunud
1397 2129 1566 2210 solubiles
1593 2159 1744 2210 nummo·

404 2232 412 2256 ¹
536 2247 772 2324 decimosexto
796 2271 817 2322 a
840 2245 1021 2342 MaJestate
1042 2243 1100 2322 sua
1118 2245 1343 2346 impetratos,
1378 2245 1635 2352 oppigneratos
1659 2245 1740 2320 Do·

536 2359 650 2432 miniis
673 2361 745 2453 ejus
768 2357 806 2428 in
828 2351 956 2440 Frisia3
991 2349 1038 2428 irc
1062 2373 1104 2426 ut
1128 2353 1199 2426 duo
1227 2353 1264 2424 hi
1289 2351 1419 2425 reditus
1443 2351 1560 2426 armud
1585 2351 1745 2432 efficiant.

537 2469 632 2542 mille
655 2463 825 2550 florenos,
858 2483 899 2538 ut
921 2483 1022 2558 patet
1045 2483 1089 2535 ex
1113 2461 1247 2534 duabus
1271 2457 1359 2556 Maj.
1383 2459 1454 2537 suae
1475 2463 1601 2536 litteris
1625 2462 1740 2538 consr-

462 2563 466 2566 ’
538 2576 671 2674 gnatis,
695 2574 809 2672 prima
832 2573 911 2647 data
934 2570 1075 2646 decima
1094 2567 1187 2644 sexta
1207 2569 1263 2642 die
1278 2565 1404 2642 menfis
1427 2567 1503 2663 Jan.
1526 2567 1634 2644 Anno
1651 2561 1741 2648 Mil·

537 2685 657 2760 Ieiimo
687 2677 961 2781 quingentesimo
993 2675 1244 2778 septuagenmo
1273 2675 1371 2754 sexto
1399 2676 1588 2754 secuudum
1610 2677 1746 2778 stylum

539 2817 693 2877 novum,
721 2789 872 2864 secunda
895 2787 1010 2874 data,
1044 2785 1167 2871 ultimo
1190 2783 1405 2862 Decembris·
1420 2785 1525 2860 Anno
1550 2787 1746 2868 Millelimo·

540 2895 813 3002 quingentesimo
845 2894 1054 2994 sexagesimo
1084 2893 1191 2971 sexto.
1242 2891 1353 2969 Praed.
1385 2895 1450 2968 hos
1475 2895 1611 2971 reditus
1634 2901 1744 2976 relin-

540 3013 679 3107 quimus
710 3009 752 3083 dc
780 3006 901 3080 damus
930 3006 966 3078 in
990 3023 1200 3103 perpetuum
1224 3001 1322 3076 usum
1347 3003 1384 3078 δι
1408 3003 1637 3082 neceffitatem
1660 3007 1740 3086 fun.

541 3109 692 3198 daltionis
716 3115 859 3201 nosttae,
882 3111 1055 3188 reservato
1078 3114 1203 3199 nobis,
1222 3114 1296 3186 viti
1320 3107 1438 3186 nostri
1459 3113 1632 3202 durante,
1661 3123 1740 3215 jure

541 3227 664 3304 eadem
687 3225 779 3300 bona
802 3222 972 3296 mutandi.
1027 3221 1136 3315 Quod
1156 3219 1182 3292 li
1199 3222 1399 3295 viventibus
1417 3221 1533 3305 nobis,
1560 3245 1621 3298 aut
1636 3231 1746 3308 etism.

542 3339 621 3433 post
644 3355 791 3412 mortem
814 3333 924 3428 praed.
948 3333 1079 3406 reditus
1109 3355 1130 3406 a
1154 3327 1239 3428 Maj.
1263 3327 1326 3406 sua
1347 3327 1544 3418 solvantur,
1571 3355 1656 3408 tunc
1679 3365 1745 3418 vo-

542 3452 657 3523 lumus
680 3443 722 3518 &⁴
740 3440 963 3527 ordinamus,
996 3457 1034 3512 ut
1056 3437 1176 3513 sol'utae
1199 3437 1361 3536 pecuulae
1385 3437 1468 3510 inde
1491 3445 1741 3536 provenientes

416 3557 419 3572 '
544 3553 681 3637 rursum
701 3545 929 3628 adhibeantur
941 3601 953 3638 ,
978 3547 1016 3621 &
1039 3549 1263 3646 applicentur
1286 3547 1324 3620 in
1346 3545 1493 3622 aliorum
1508 3547 1685 3625 bonorum
1704 3555 1746 3629 ds

543 3663 720 3753 redituum
744 3660 975 3754 emptionem,
1002 3653 1099 3744 sicuti
1121 3657 1257 3732 licitum
1280 3651 1319 3732 dt
1343 3656 1541 3736 concellum
1565 3657 1616 3736 est
1633 3662 1671 3738 in
1685 3666 1743 3744 lit.

543 3778 627 3852 reris
650 3797 670 3847 a
694 3765 875 3871 Maiestate
897 3763 957 3842 sua
979 3765 1129 3864 desuper
1152 3767 1363 3876 impetratis.

545 3991 551 4020 ¹
595 3980 760 4056 Decimo.
807 3975 860 4054 Et
880 3979 926 4056 de
947 3973 1119 4054 frudilbus
1142 3999 1189 4054 ex
1210 3976 1320 4075 prad.
1343 3973 1512 4076 reditibus
1530 3973 1750 4078 provenien·⁸

547 4089 675 4174 tibur,
705 4083 933 4185 relinquimus
961 4088 1002 4162 dt
1033 4089 1234 4164 ordinamus
1262 4107 1332 4186 pro
1362 4087 1594 4164 anniversario
1625 4087 1747 4166 nollro

548 4197 790 4278 duodenum
814 4223 937 4276 aureos
954 4199 1155 4286 aunuatim,
1175 4197 1370 4295 exquibus
1391 4197 1513 4272 Pastor
1526 4195 1695 4278 Ecclesiae
1707 4203 1744 4274 in

548 4311 735 4409 Zuycdrm,
759 4327 838 4390 tum
858 4314 898 4388 in
923 4309 1237 4389 remunerationem
1259 4329 1332 4408 pro
1359 4329 1450 4408 agro
1473 4303 1742 4412 panorm-rbi
1885 4387 1886 4402 Ε
