3934 5192
533 644 612 714 ,ω
727 531 1300 710 tastamentum
1346 606 1584 710 vruuu

534 839 607 912 que
638 812 884 909 gratitudinem
915 831 1000 903 erga
1023 809 1133 882 studia
1157 809 1350 882 litterarum
1387 804 1536 902 (quibus
1560 801 1758 884 somunaru
1873 829 1876 908 l

535 935 648 986 meam
663 910 824 983 lubenter
845 927 1026 1000 acceptam
1048 905 1146 994 sero)
1165 903 1330 978 exhibere
1350 907 1520 998 cupiens,
1545 905 1750 1002 proprium
1875 909 1876 912 ’

466 1019 473 1032 ’
535 1010 722 1101 collegium
746 1003 898 1078 Lovanii
912 1025 980 1098 pro
998 1001 1179 1074 seminario
1196 996 1432 1074 ministrorum
1450 998 1604 1073 ecclesiae
1622 1002 1751 1087 erexi,

539 1107 584 1178 ad
607 1108 705 1198 eujus
731 1099 829 1173 usum
852 1103 994 1172 domum
1021 1121 1133 1171 meam
1163 1119 1245 1171 cum
1274 1096 1384 1170 hortis
1403 1093 1444 1169 δι
1467 1097 1628 1170 omuibus
1655 1099 1755 1172 inde

539 1199 818 1296 dependentibus
846 1197 883 1268 in
910 1195 1082 1289 parochia
1115 1195 1220 1267 Suntlt'
1247 1193 1399 1294 Quintius·
1420 1190 1549 1282 sitam,
1585 1217 1754 1290 cumque

527 1300 636 1370 omni
658 1290 874 1388 supelledlile
893 1292 931 1364 dt
963 1290 1150 1364 mobilibus
1180 1308 1340 1384 tempore
1365 1289 1484 1360 mortis
1514 1313 1601 1363 meae
1629 1292 1666 1364 iu
1698 1313 1751 1366 ea

539 1395 713 1488 repertis,
749 1411 816 1483 pro
839 1387 1054 1460 habitatione
1080 1385 1241 1458 Rettoris
1271 1383 1328 1457 seu
1355 1383 1516 1458 Praefidis
1541 1409 1582 1459 ac
1608 1387 1752 1462 duode-

541 1491 608 1562 cim
635 1487 843 1560 scnolariurn
871 1480 1060 1578 famulique
1093 1506 1134 1556 ac
1164 1480 1369 1554 famularum
1397 1481 1569 1568 attribui,
1606 1481 1754 1580 &pro

541 1607 662 1657 eorum
682 1581 959 1666 alimentatioue‚
983 1581 1181 1674 aediumque
1208 1574 1411 1661 necessaria,
1445 1579 1506 1650 ubi
1531 1601 1622 1676 opus
1653 1581 1750 1668 erit,

447 1686 451 1694 '
542 1678 782 1775 reparatione,
805 1698 849 1750 ae
870 1678 943 1748 aliis
963 1678 1000 1746 in
1020 1676 1159 1770 collegii
1177 1675 1247 1747 mei
1265 1672 1399 1747 statutis
1418 1677 1614 1764 contentis,
1639 1678 1753 1750 relin-

541 1802 613 1874 quo
645 1776 739 1848 mille
762 1775 973 1867 quingentos
999 1769 1150 1845 florenos
1179 1771 1351 1845 carolinus
1383 1793 1527 1846 annuos.
1577 1771 1619 1846 ln
1651 1793 1753 1868 quo-

394 1880 399 1884 ’
541 1895 621 1948 tum
651 1868 859 1944 solutionem
886 1867 934 1940 do
965 1868 1138 1963 praedium
1170 1889 1285 1940 meum
1321 1867 1358 1938 in
1397 1867 1594 1962 Ruytlrtttl
1627 1891 1752 1968 prope

541 1967 723 2044 Bruxellat
747 1965 829 2038 'cum
852 1964 1015 2039 omnibus
1037 1961 1104 2037 suis
1131 1963 1378 2060 pertinentiis,
1414 1964 1498 2036 item
1528 1965 1624 2038 aliud
1648 1987 1749 2062 prae·

545 2068 642 2140 diurn
668 2063 883 2158 appellatum
911 2059 1109 2152 Huyubuueu
1136 2058 1297 2134 suumin
1323 2060 1490 2154 parochia
1514 2055 1607 2134 Pr'rck
1625 2083 1751 2158 prope

543 2160 785 2241 Vilvotdiam,
810 2178 890 2230 cum
914 2157 1080 2243 decimis,
1110 2159 1246 2250 pratis,
1280 2157 1390 2250 agris,
1415 2153 1547 2252 sylvis,
1573 2157 1611 2232 δι
1635 2160 1754 2231 omni·

544 2261 612 2336 bus
647 2255 878 2352 pertinentiis.
930 2253 1093 2347 Quorum
1131 2253 1279 2326 duorum
1319 2251 1531 2346 praediorum
1560 2275 1642 2328 cum
1673 2253 1757 2329 suis

544 2353 767 2452 pertinentiis
787 2368 982 2445 proventus
1004 2371 1048 2422 ex
1072 2369 1165 2423 nune
1190 2352 1233 2423 ad
1252 2349 1365 2421 minus
1392 2346 1582 2438 ascendunt
1602 2353 1644 2423 ad
1666 2349 1749 2424 sex·

546 2472 668 2526 centos
695 2447 847 2530 florenos
876 2464 1022 2519 annuos.
1073 2443 1223 2544 Reliqua
1258 2466 1345 2518 veru
1361 2445 1422 2518 'ad
1452 2449 1753 2542 complementum

547 2549 643 2620 mille
666 2545 935 2639 quingentorum
962 2540 1177 2615 florenorum
1201 2545 1237 2614 in
1269 2540 1412 2616 diverse
1434 2541 1659 2632 redditibus,
1692 2543 1753 2618 uti

550 2641 719 2716 constabit
742 2663 806 2733 per
832 2639 1077 2732 particularem
1102 2637 1328 2723 schedulam,
1371 2638 1521 2734 collegio
1548 2639 1753 2714 attribui&
1880 2717 1882 2722 ,

551 2737 724 2832 affignavi.
774 2733 824 2806 Et
840 2735 1014 2808 utdotem
1028 2733 1169 2828 praefati
1186 2735 1325 2828 collegii
1348 2737 1417 2806 mei
1443 2735 1550 2832 magis
1577 2735 1754 2809 constabi-

549 2839 654 2918 liam,
679 2855 722 2905 ne
749 2830 931 2906 occasione
951 2831 1099 2998 alicqq'us
1120 2827 1388 2915 casis-adversi,
1414 2829 1618 2904 solutionem
1640 2831 1754 2904 ditto-

551 2955 629 3006 rum
647 2947 882 3024 proventuum
906 2929 945 3002 dt
963 2928 1025 2998 red
1051 2930 1163 3000 ituutn
1189 2923 1338 3000 deficere
1364 2947 1425 2998 aut
1454 2923 1589 3000 differri
1614 2931 1757 3002 conrin-

451 3083 457 3090 .
551 3048 633 3124 gat,
658 3025 833 3119 receptori
855 3019 939 3094 dissi
960 3023 1299 3120 oollegiiuumerari
1319 3023 1439 3096 curavi
1463 3021 1629 3096 summam
1658 3025 1757 3100 mille

553 3125 826 3218 quingentorum
842 3117 1057 3192 florenorum
1071 3117 1196 3206 semel,
1220 3141 1324 3212 quam
1349 3119 1434 3191 volo
1458 3121 1495 3191 in
1521 3118 1640 3192 cistam
1663 3125 1754 3218 eius·
1880 3117 1882 3126 ’

553 3223 634 3295 dem
655 3217 795 3311 collegii
809 3218 950 3311 reponi,
978 3239 1019 3288 ac
1037 3211 1167 3290 ibidem
1185 3212 1409 3300 conservari,
1430 3237 1499 3290 uec
1523 3216 1604 3289 iude
1618 3217 1665 3290 ali
1690 3213 1755 3292 uid

554 3313 711 3397 desumi,
736 3311 798 3384 nili
827 3311 1086 3386 necessitatem
1111 3327 1210 3400 ente,
1236 3311 1418 3406 injungens
1443 3312 1577 3386 idcirco
1592 3239 1757 3410 praezdi,

559 3413 597 3485 dt
615 3408 877 3506 provisoribus,
901 3429 942 3482 ut
957 3406 1078 3482 sedulo
1128 3429 1328 3578 ecqatorem
1344 3429 1411 3504 pro
1431 3429 1591 3503 tempore
1606 3409 1757 3484 existen·

555 3530 630 3584 tem
647 3505 833 3589 moneant,
858 3527 897 3577 ut
916 3504 1093 3600 predictos
1115 3501 1171 3578 Re
1197 3501 1346 3578 ditus&
1369 3525 1563 3600 proventus
1582 3505 1760 3604 tempesti-

556 3604 605 3678 ve
626 3603 797 3698 recipiat,
822 3623 865 3674 ne
885 3597 1022 3696 semper
1040 3603 1083 3676 ad
1102 3601 1219 3676 cistam
1237 3621 1413 3676 recurrere
1436 3597 1570 3675 necesse
1588 3599 1641 3677 lit.
1692 3603 1765 3680 Sin

559 3719 675 3776 autem
702 3699 851 3790 aliquem
874 3699 1048 3769 redditum
1077 3696 1202 3770 redimi
1226 3697 1439 3792 contigerit,
1461 3699 1656 3794 pecuniam
1681 3721 1762 3776 rur·

558 3797 615 3870 sus
640 3797 677 3866 in
696 3793 840 3878 similes,
865 3811 925 3866 aut
943 3793 1135 3869 stabiliores
1160 3795 1204 3866 ad
1228 3795 1368 3888 collegii
1390 3793 1577 3870 utilitatem
1597 3800 1766 3873 converti

560 3889 747 3966 Praefidem
766 3886 903 3984 &ejus
928 3887 1127 3984 provisores
1156 3889 1306 3964 fideliter
1333 3911 1454 3964 curare
1476 3894 1593 3966 velim.
1645 3891 1795 3987 Quod

559 3985 588 4060 st
619 4006 735 4059 autern
766 4007 786 4058 a
820 4009 877 4058 me
907 3986 1025 4059 relicta
1056 3983 1095 4059 su
1122 3985 1303 4081 portandis
1333 3985 1470 4082 collegii
1497 3989 1659 4064 oneribus
1685 4013 1761 4066 nort

558 4081 717 4157 sufficere
738 4081 948 4176 eontigerit,
973 4009 1138 4176 expensas
1158 4081 1340 4175 restringi,
1371 4083 1429 4154 vel
1447 4101 1629 4158 numerum
1651 4087 1763 4161 alum·

560 4201 690 4252 norum
709 4177 754 4251 ad
776 4199 913 4273 tempus
936 4176 1084 4252 diminui
1113 4180 1220 4263 volo,
1246 4181 1354 4253 vendi
1376 4201 1486 4264 vero,
1511 4181 1672 4266 alienari,
1697 4199 1762 4260 aut

561 4279 702 4371 gmvari
714 4276 903 4371 quidquam
920 4297 1067 4364 eorum,
1091 4297 1171 4374 qum
1181 4273 1330 4370 collegio
1342 4275 1466 4372 reliqui
1475 4279 1533 4351 vel
1548 4279 1763 4380 relinquam,

561 4376 598 4448 in
643 4392 828 4468 erpetuum
844 4380 942 4448 vet'o.
1600 4457 1603 4462 ι

611 4397 692 4547 ΞΗ.
717 4468 845 4548 Libros
867 4490 1071 4551 veromeoa
1092 4465 1274 4575 impressor
1293 4467 1331 4550 iu
1353 4487 1572 4570 quacumque
1592 4467 1763 4646 faculta‘tle

1741 4591 1778 4648 ot
