<?xml version="1.0" encoding="UTF-8"?>
<!DOCTYPE html PUBLIC "-//W3C//DTD XHTML 1.0 Transitional//EN"
    "http://www.w3.org/TR/xhtml1/DTD/xhtml1-transitional.dtd">
<html xmlns="http://www.w3.org/1999/xhtml" xml:lang="en" lang="en">
 <head>
  <title>
</title>
<meta http-equiv="Content-Type" content="text/html;charset=utf-8" />
  <meta name='ocr-system' content='tesseract 3.04.00' />
  <meta name='ocr-capabilities' content='ocr_page ocr_carea ocr_par ocr_line ocrx_word'/>
</head>
<body>
  <div class='ocr_page' id='page_1' title='image "./vitavigliiabayt03papegoog_0280.png"; bbox 0 0 3934 5192; ppageno 0'>
   <div class='ocr_carea' id='block_1_1' title="bbox 412 598 1458 711">
    <p class='ocr_par' dir='ltr' id='par_1_1' title="bbox 412 598 1458 711">
     <span class='ocr_line' id='line_1_1' title="bbox 412 598 1458 711; baseline 0.015 -17"><span class='ocrx_word' id='word_1_1' title='bbox 412 598 810 694; x_wconf 69' lang='lat' dir='ltr'>as&#39;AYssTA</span> <span class='ocrx_word' id='word_1_2' title='bbox 852 603 1314 704; x_wconf 58' lang='lat' dir='ltr'><strong>ZUICHEMIR</strong></span> <span class='ocrx_word' id='word_1_3' title='bbox 1380 643 1458 711; x_wconf 83' lang='lat'>201</span> 
     </span>
    </p>
   </div>
   <div class='ocr_carea' id='block_1_2' title="bbox 245 795 1565 2052">
    <p class='ocr_par' dir='ltr' id='par_1_2' title="bbox 245 795 1565 2052">
     <span class='ocr_line' id='line_1_2' title="bbox 305 795 1565 899; baseline 0.01 -29"><span class='ocrx_word' id='word_1_4' title='bbox 305 797 369 870; x_wconf 84' lang='lat' dir='ltr'>lx.</span> <span class='ocrx_word' id='word_1_5' title='bbox 393 795 575 883; x_wconf 85' lang='lat' dir='ltr'><strong>Quoniam</strong></span> <span class='ocrx_word' id='word_1_6' title='bbox 605 818 718 872; x_wconf 89' lang='lat' dir='ltr'>autem</span> <span class='ocrx_word' id='word_1_7' title='bbox 738 819 882 894; x_wconf 78' lang='lat' dir='ltr'>patrum</span> <span class='ocrx_word' id='word_1_8' title='bbox 901 801 1080 893; x_wconf 89' lang='lat' dir='ltr'>quondam</span> <span class='ocrx_word' id='word_1_9' title='bbox 1099 825 1192 876; x_wconf 88' lang='lat' dir='ltr'>meus</span> <span class='ocrx_word' id='word_1_10' title='bbox 1222 807 1315 899; x_wconf 85' lang='lat' dir='ltr'>(piae</span> <span class='ocrx_word' id='word_1_11' title='bbox 1341 809 1378 884; x_wconf 91' lang='lat'>&amp;</span> <span class='ocrx_word' id='word_1_12' title='bbox 1407 833 1459 882; x_wconf 90' lang='lat' dir='ltr'>re·</span> <span class='ocrx_word' id='word_1_13' title='bbox 1564 843 1565 848; x_wconf 41' lang='lat'>¹</span> 
     </span>
     <span class='ocr_line' id='line_1_3' title="bbox 251 894 1458 994; baseline 0.004 -22"><span class='ocrx_word' id='word_1_14' title='bbox 251 895 412 972; x_wconf 73' lang='lat' dir='ltr'>colenda</span> <span class='ocrx_word' id='word_1_15' title='bbox 437 896 636 983; x_wconf 84' lang='lat' dir='ltr'>memoriae)</span> <span class='ocrx_word' id='word_1_16' title='bbox 662 894 840 968; x_wconf 86' lang='lat' dir='ltr'><strong>Dominus</strong></span> <span class='ocrx_word' id='word_1_17' title='bbox 868 897 1050 968; x_wconf 80' lang='lat' dir='ltr'>Bernartius</span> <span class='ocrx_word' id='word_1_18' title='bbox 1067 899 1171 970; x_wconf 84' lang='lat' dir='ltr'>Butho</span> <span class='ocrx_word' id='word_1_19' title='bbox 1190 903 1230 986; x_wconf 77' lang='lat' dir='ltr'>ab</span> <span class='ocrx_word' id='word_1_20' title='bbox 1254 905 1353 994; x_wconf 71' lang='lat' dir='ltr'>Aytta</span> <span class='ocrx_word' id='word_1_21' title='bbox 1376 905 1458 977; x_wconf 91' lang='lat' dir='ltr'>dum</span> 
     </span>
     <span class='ocr_line' id='line_1_4' title="bbox 252 989 1458 1096; baseline 0.007 -31"><span class='ocrx_word' id='word_1_22' title='bbox 252 995 397 1065; x_wconf 85' lang='lat' dir='ltr'>viveret</span> <span class='ocrx_word' id='word_1_23' title='bbox 412 993 449 1062; x_wconf 89' lang='lat' dir='ltr'>in</span> <span class='ocrx_word' id='word_1_24' title='bbox 469 991 560 1060; x_wconf 89' lang='lat' dir='ltr'>votis</span> <span class='ocrx_word' id='word_1_25' title='bbox 581 989 735 1067; x_wconf 87' lang='lat' dir='ltr'>habebat</span> <span class='ocrx_word' id='word_1_26' title='bbox 750 993 846 1085; x_wconf 84' lang='lat' dir='ltr'>piam</span> <span class='ocrx_word' id='word_1_27' title='bbox 870 992 1022 1085; x_wconf 84' lang='lat' dir='ltr'>aliquam</span> <span class='ocrx_word' id='word_1_28' title='bbox 1043 991 1283 1068; x_wconf 86' lang='lat' dir='ltr'>fundationem</span> <span class='ocrx_word' id='word_1_29' title='bbox 1305 1001 1341 1070; x_wconf 86' lang='lat' dir='ltr'>in</span> <span class='ocrx_word' id='word_1_30' title='bbox 1363 1022 1458 1096; x_wconf 86' lang='lat' dir='ltr'>pago</span> 
     </span>
     <span class='ocr_line' id='line_1_5' title="bbox 253 1083 1457 1186; baseline 0.005 -26"><span class='ocrx_word' id='word_1_31' title='bbox 253 1088 375 1160; x_wconf 89' lang='lat' dir='ltr'>nostro</span> <span class='ocrx_word' id='word_1_32' title='bbox 398 1083 611 1178; x_wconf 77' lang='lat' dir='ltr'>Zuirhemerfi</span> <span class='ocrx_word' id='word_1_33' title='bbox 628 1087 783 1181; x_wconf 84' lang='lat' dir='ltr'>erigere,</span> <span class='ocrx_word' id='word_1_34' title='bbox 809 1089 907 1181; x_wconf 81' lang='lat' dir='ltr'>cujus</span> <span class='ocrx_word' id='word_1_35' title='bbox 925 1085 1130 1160; x_wconf 84' lang='lat' dir='ltr'>facultatem</span> <span class='ocrx_word' id='word_1_36' title='bbox 1150 1094 1257 1186; x_wconf 87' lang='lat' dir='ltr'>longa</span> <span class='ocrx_word' id='word_1_37' title='bbox 1278 1093 1368 1166; x_wconf 85' lang='lat' dir='ltr'>bella</span> <span class='ocrx_word' id='word_1_38' title='bbox 1385 1119 1457 1166; x_wconf 87' lang='lat' dir='ltr'>ma-</span> 
     </span>
     <span class='ocr_line' id='line_1_6' title="bbox 250 1183 1453 1284; baseline 0.007 -28"><span class='ocrx_word' id='word_1_39' title='bbox 250 1186 389 1278; x_wconf 80' lang='lat' dir='ltr'>gnique</span> <span class='ocrx_word' id='word_1_40' title='bbox 417 1183 572 1276; x_wconf 88' lang='lat' dir='ltr'>sumptus</span> <span class='ocrx_word' id='word_1_41' title='bbox 602 1205 692 1277; x_wconf 91' lang='lat' dir='ltr'>quos</span> <span class='ocrx_word' id='word_1_42' title='bbox 720 1183 757 1252; x_wconf 89' lang='lat' dir='ltr'>in</span> <span class='ocrx_word' id='word_1_43' title='bbox 784 1206 868 1268; x_wconf 90' lang='lat' dir='ltr'>me,</span> <span class='ocrx_word' id='word_1_44' title='bbox 908 1185 1053 1276; x_wconf 85' lang='lat' dir='ltr'>aliisque</span> <span class='ocrx_word' id='word_1_45' title='bbox 1079 1187 1112 1256; x_wconf 91' lang='lat' dir='ltr'>ei</span> <span class='ocrx_word' id='word_1_46' title='bbox 1138 1185 1305 1280; x_wconf 69' lang='lat' dir='ltr'>sanguine</span> <span class='ocrx_word' id='word_1_47' title='bbox 1324 1191 1453 1284; x_wconf 71' lang='lat' dir='ltr'>junctis</span> 
     </span>
     <span class='ocr_line' id='line_1_7' title="bbox 252 1275 1454 1378; baseline 0.006 -25"><span class='ocrx_word' id='word_1_48' title='bbox 252 1279 446 1354; x_wconf 85' lang='lat' dir='ltr'>educandis</span> <span class='ocrx_word' id='word_1_49' title='bbox 469 1275 647 1363; x_wconf 84' lang='lat' dir='ltr'>faciebat,</span> <span class='ocrx_word' id='word_1_50' title='bbox 671 1282 683 1349; x_wconf 91' lang='lat' dir='ltr'>i</span> <span class='ocrx_word' id='word_1_51' title='bbox 711 1276 1010 1372; x_wconf 85' lang='lat' dir='ltr'>fipraecluserint,</span> <span class='ocrx_word' id='word_1_52' title='bbox 1034 1299 1138 1374; x_wconf 89' lang='lat' dir='ltr'>atque</span> <span class='ocrx_word' id='word_1_53' title='bbox 1158 1306 1225 1377; x_wconf 85' lang='lat' dir='ltr'>ego</span> <span class='ocrx_word' id='word_1_54' title='bbox 1248 1287 1454 1378; x_wconf 88' lang='lat' dir='ltr'>potiistmum</span> 
     </span>
     <span class='ocr_line' id='line_1_8' title="bbox 253 1372 1452 1478; baseline 0.007 -30"><span class='ocrx_word' id='word_1_55' title='bbox 253 1400 303 1448; x_wconf 82' lang='lat' dir='ltr'>ex</span> <span class='ocrx_word' id='word_1_56' title='bbox 322 1372 480 1470; x_wconf 74' lang='lat' dir='ltr'>benignas</span> <span class='ocrx_word' id='word_1_57' title='bbox 503 1373 577 1467; x_wconf 86' lang='lat' dir='ltr'>ejus</span> <span class='ocrx_word' id='word_1_58' title='bbox 600 1374 675 1448; x_wconf 92' lang='lat' dir='ltr'>dire</span> <span class='ocrx_word' id='word_1_59' title='bbox 714 1377 792 1447; x_wconf 89' lang='lat' dir='ltr'>&#39;one</span> <span class='ocrx_word' id='word_1_60' title='bbox 815 1377 859 1449; x_wconf 91' lang='lat' dir='ltr'>ad</span> <span class='ocrx_word' id='word_1_61' title='bbox 885 1394 962 1448; x_wconf 88' lang='lat' dir='ltr'>eam</span> <span class='ocrx_word' id='word_1_62' title='bbox 993 1373 1168 1450; x_wconf 87' lang='lat' dir='ltr'>fortunam</span> <span class='ocrx_word' id='word_1_63' title='bbox 1194 1377 1275 1453; x_wconf 91' lang='lat' dir='ltr'>Deo</span> <span class='ocrx_word' id='word_1_64' title='bbox 1294 1385 1452 1478; x_wconf 91' lang='lat' dir='ltr'>propitio</span> 
     </span>
     <span class='ocr_line' id='line_1_9' title="bbox 245 1471 1451 1572; baseline 0.007 -28"><span class='ocrx_word' id='word_1_65' title='bbox 245 1473 499 1568; x_wconf 82' lang='lat' dir='ltr'><strong>pervenerim,</strong></span> <span class='ocrx_word' id='word_1_66' title='bbox 531 1487 571 1541; x_wconf 92' lang='lat' dir='ltr'>ut</span> <span class='ocrx_word' id='word_1_67' title='bbox 594 1471 691 1565; x_wconf 92' lang='lat' dir='ltr'>quod</span> <span class='ocrx_word' id='word_1_68' title='bbox 712 1472 770 1542; x_wconf 89' lang='lat' dir='ltr'>ille</span> <span class='ocrx_word' id='word_1_69' title='bbox 797 1471 975 1545; x_wconf 89' lang='lat' dir='ltr'>inanimo</span> <span class='ocrx_word' id='word_1_70' title='bbox 1002 1471 1156 1545; x_wconf 90' lang='lat' dir='ltr'>habebat</span> <span class='ocrx_word' id='word_1_71' title='bbox 1186 1482 1364 1572; x_wconf 87' lang='lat' dir='ltr'>complere</span> <span class='ocrx_word' id='word_1_72' title='bbox 1390 1481 1451 1552; x_wconf 90' lang='lat' dir='ltr'>ali-</span> 
     </span>
     <span class='ocr_line' id='line_1_10' title="bbox 249 1565 1451 1663; baseline 0.005 -23"><span class='ocrx_word' id='word_1_73' title='bbox 249 1589 428 1663; x_wconf 81' lang='lat' dir='ltr'>quatenus</span> <span class='ocrx_word' id='word_1_74' title='bbox 449 1589 603 1660; x_wconf 86' lang='lat' dir='ltr'>queam,</span> <span class='ocrx_word' id='word_1_75' title='bbox 635 1569 720 1640; x_wconf 90' lang='lat' dir='ltr'>hinc</span> <span class='ocrx_word' id='word_1_76' title='bbox 740 1567 787 1640; x_wconf 92' lang='lat' dir='ltr'>ob</span> <span class='ocrx_word' id='word_1_77' title='bbox 807 1586 939 1662; x_wconf 82' lang='lat' dir='ltr'>gratam</span> <span class='ocrx_word' id='word_1_78' title='bbox 964 1565 1072 1660; x_wconf 88' lang='lat' dir='ltr'>ipsrus</span> <span class='ocrx_word' id='word_1_79' title='bbox 1093 1574 1316 1658; x_wconf 82' lang='lat' dir='ltr'>memoriam,</span> <span class='ocrx_word' id='word_1_80' title='bbox 1343 1576 1381 1649; x_wconf 90' lang='lat'>&amp;</span> <span class='ocrx_word' id='word_1_81' title='bbox 1399 1576 1451 1646; x_wconf 87' lang='lat' dir='ltr'>in-</span> 
     </span>
     <span class='ocr_line' id='line_1_11' title="bbox 247 1661 1452 1759; baseline 0.007 -24"><span class='ocrx_word' id='word_1_82' title='bbox 247 1666 378 1759; x_wconf 78' lang='lat' dir='ltr'>primis</span> <span class='ocrx_word' id='word_1_83' title='bbox 398 1665 443 1745; x_wconf 84' lang='lat' dir='ltr'>ad</span> <span class='ocrx_word' id='word_1_84' title='bbox 460 1661 532 1734; x_wconf 90' lang='lat' dir='ltr'>Dei</span> <span class='ocrx_word' id='word_1_85' title='bbox 550 1663 712 1750; x_wconf 84' lang='lat' dir='ltr'>laudem,</span> <span class='ocrx_word' id='word_1_86' title='bbox 736 1682 840 1758; x_wconf 91' lang='lat' dir='ltr'>atque</span> <span class='ocrx_word' id='word_1_87' title='bbox 860 1682 901 1734; x_wconf 94' lang='lat' dir='ltr'>ut</span> <span class='ocrx_word' id='word_1_88' title='bbox 915 1662 1167 1739; x_wconf 75' lang='lat' dir='ltr'>exChristians</span> <span class='ocrx_word' id='word_1_89' title='bbox 1183 1669 1353 1744; x_wconf 85' lang='lat' dir='ltr'>charitate</span> <span class='ocrx_word' id='word_1_90' title='bbox 1372 1691 1452 1743; x_wconf 84' lang='lat' dir='ltr'>aeta-</span> 
     </span>
     <span class='ocr_line' id='line_1_12' title="bbox 249 1754 1555 1860; baseline 0.005 -28"><span class='ocrx_word' id='word_1_91' title='bbox 249 1761 303 1843; x_wconf 89' lang='lat' dir='ltr'>ti,</span> <span class='ocrx_word' id='word_1_92' title='bbox 327 1783 407 1855; x_wconf 86' lang='lat' dir='ltr'>quae</span> <span class='ocrx_word' id='word_1_93' title='bbox 432 1757 582 1854; x_wconf 87' lang='lat' dir='ltr'>amplius</span> <span class='ocrx_word' id='word_1_94' title='bbox 602 1756 737 1832; x_wconf 77' lang='lat' dir='ltr'>nissum</span> <span class='ocrx_word' id='word_1_95' title='bbox 761 1757 881 1832; x_wconf 88' lang='lat' dir='ltr'>labore</span> <span class='ocrx_word' id='word_1_96' title='bbox 902 1757 964 1833; x_wconf 92' lang='lat' dir='ltr'>suo</span> <span class='ocrx_word' id='word_1_97' title='bbox 984 1782 1188 1854; x_wconf 86' lang='lat' dir='ltr'>comparare</span> <span class='ocrx_word' id='word_1_98' title='bbox 1215 1759 1278 1836; x_wconf 87' lang='lat' dir='ltr'>fibi</span> <span class='ocrx_word' id='word_1_99' title='bbox 1305 1767 1450 1860; x_wconf 82' lang='lat' dir='ltr'>nequit,</span> <span class='ocrx_word' id='word_1_100' title='bbox 1553 1754 1555 1760; x_wconf 67' lang='grc'><strong>’</strong></span> 
     </span>
     <span class='ocr_line' id='line_1_13' title="bbox 245 1855 1449 1956; baseline 0.005 -26"><span class='ocrx_word' id='word_1_101' title='bbox 245 1856 467 1943; x_wconf 81' lang='lat' dir='ltr'>succurram,</span> <span class='ocrx_word' id='word_1_102' title='bbox 491 1855 692 1950; x_wconf 88' lang='lat' dir='ltr'>pariterque</span> <span class='ocrx_word' id='word_1_103' title='bbox 709 1877 920 1950; x_wconf 87' lang='lat' dir='ltr'>puerorum,</span> <span class='ocrx_word' id='word_1_104' title='bbox 944 1855 1018 1952; x_wconf 83' lang='lat' dir='ltr'>qud</span> <span class='ocrx_word' id='word_1_105' title='bbox 1029 1856 1065 1926; x_wconf 92' lang='lat' dir='ltr'>in</span> <span class='ocrx_word' id='word_1_106' title='bbox 1082 1857 1206 1934; x_wconf 88' lang='lat' dir='ltr'>litteris</span> <span class='ocrx_word' id='word_1_107' title='bbox 1222 1882 1264 1932; x_wconf 92' lang='lat' dir='ltr'>ac</span> <span class='ocrx_word' id='word_1_108' title='bbox 1281 1864 1449 1956; x_wconf 85' lang='lat' dir='ltr'>religione</span> 
     </span>
     <span class='ocr_line' id='line_1_14' title="bbox 247 1949 1450 2052; baseline 0.002 -24"><span class='ocrx_word' id='word_1_109' title='bbox 247 1949 349 2043; x_wconf 63' lang='lat' dir='ltr'>resse</span> <span class='ocrx_word' id='word_1_110' title='bbox 374 1949 617 2033; x_wconf 85' lang='lat' dir='ltr'>instituantur,</span> <span class='ocrx_word' id='word_1_111' title='bbox 643 1951 755 2025; x_wconf 90' lang='lat' dir='ltr'>studia</span> <span class='ocrx_word' id='word_1_112' title='bbox 781 1952 909 2024; x_wconf 87' lang='lat' dir='ltr'>ibidem</span> <span class='ocrx_word' id='word_1_113' title='bbox 929 1973 1175 2046; x_wconf 84' lang='lat' dir='ltr'>promoveam,</span> <span class='ocrx_word' id='word_1_114' title='bbox 1208 1953 1377 2052; x_wconf 83' lang='lat' dir='ltr'>hospitale</span> <span class='ocrx_word' id='word_1_115' title='bbox 1400 1959 1450 2045; x_wconf 86' lang='lat' dir='ltr'>se·</span> 
     </span>
    </p>
   </div>
   <div class='ocr_carea' id='block_1_3' title="bbox 116 2045 1446 2147">
    <p class='ocr_par' dir='ltr' id='par_1_3' title="bbox 116 2045 1446 2147">
     <span class='ocr_line' id='line_1_15' title="bbox 116 2045 1446 2147; baseline 0.002 -23"><span class='ocrx_word' id='word_1_116' title='bbox 116 2061 120 2064; x_wconf 79' lang='grc'><strong>’</strong></span> <span class='ocrx_word' id='word_1_117' title='bbox 248 2073 338 2124; x_wconf 88' lang='lat' dir='ltr'>num</span> <span class='ocrx_word' id='word_1_118' title='bbox 359 2047 516 2142; x_wconf 81' lang='lat' dir='ltr'>inpago</span> <span class='ocrx_word' id='word_1_119' title='bbox 540 2045 752 2140; x_wconf 77' lang='lat' dir='ltr'>Zuithemenft</span> <span class='ocrx_word' id='word_1_120' title='bbox 775 2049 978 2142; x_wconf 83' lang='lat' dir='ltr'>erigendum</span> <span class='ocrx_word' id='word_1_121' title='bbox 1008 2049 1121 2136; x_wconf 82' lang='lat' dir='ltr'>duxi,</span> <span class='ocrx_word' id='word_1_122' title='bbox 1160 2047 1380 2147; x_wconf 85' lang='lat' dir='ltr'>scholamque</span> <span class='ocrx_word' id='word_1_123' title='bbox 1404 2077 1446 2126; x_wconf 86' lang='lat' dir='ltr'>ac</span> 
     </span>
    </p>
   </div>
   <div class='ocr_carea' id='block_1_4' title="bbox 160 2139 1672 4648">
    <p class='ocr_par' dir='ltr' id='par_1_4' title="bbox 160 2139 1672 4648">
     <span class='ocr_line' id='line_1_16' title="bbox 251 2139 1450 2243; baseline 0.003 -25"><span class='ocrx_word' id='word_1_124' title='bbox 251 2139 524 2218; x_wconf 85' lang='lat' dir='ltr'>anniversarium</span> <span class='ocrx_word' id='word_1_125' title='bbox 545 2147 583 2214; x_wconf 88' lang='lat' dir='ltr'>in</span> <span class='ocrx_word' id='word_1_126' title='bbox 607 2141 751 2218; x_wconf 66' lang='lat' dir='ltr'>ecclesis</span> <span class='ocrx_word' id='word_1_127' title='bbox 773 2139 983 2226; x_wconf 73' lang='lat' dir='ltr'>Zairhenrenfi</span> <span class='ocrx_word' id='word_1_128' title='bbox 1010 2142 1177 2234; x_wconf 82' lang='lat' dir='ltr'>fundavi,</span> <span class='ocrx_word' id='word_1_129' title='bbox 1202 2150 1252 2218; x_wconf 86' lang='lat' dir='ltr'>uti</span> <span class='ocrx_word' id='word_1_130' title='bbox 1277 2172 1340 2243; x_wconf 87' lang='lat' dir='ltr'>per</span> <span class='ocrx_word' id='word_1_131' title='bbox 1356 2152 1450 2224; x_wconf 86' lang='lat' dir='ltr'>litte-</span> 
     </span>
     <span class='ocr_line' id='line_1_17' title="bbox 248 2236 1449 2339; baseline 0.002 -24"><span class='ocrx_word' id='word_1_132' title='bbox 248 2265 306 2315; x_wconf 89' lang='lat' dir='ltr'>ras</span> <span class='ocrx_word' id='word_1_133' title='bbox 335 2263 377 2314; x_wconf 90' lang='lat' dir='ltr'>ac</span> <span class='ocrx_word' id='word_1_134' title='bbox 398 2237 621 2312; x_wconf 87' lang='lat' dir='ltr'>instrumenta</span> <span class='ocrx_word' id='word_1_135' title='bbox 647 2237 796 2336; x_wconf 87' lang='lat' dir='ltr'>desuper</span> <span class='ocrx_word' id='word_1_136' title='bbox 824 2236 986 2314; x_wconf 75' lang='lat' dir='ltr'>conferta</span> <span class='ocrx_word' id='word_1_137' title='bbox 1004 2243 1143 2336; x_wconf 86' lang='lat' dir='ltr'>plenius</span> <span class='ocrx_word' id='word_1_138' title='bbox 1170 2239 1324 2319; x_wconf 84' lang='lat' dir='ltr'>constare</span> <span class='ocrx_word' id='word_1_139' title='bbox 1347 2265 1449 2339; x_wconf 87' lang='lat' dir='ltr'>pote·</span> 
     </span>
     <span class='ocr_line' id='line_1_18' title="bbox 256 2338 1617 2410; baseline 0 -2"><span class='ocrx_word' id='word_1_140' title='bbox 256 2338 313 2410; x_wconf 77' lang='lat' dir='ltr'>rie</span> <span class='ocrx_word' id='word_1_141' title='bbox 337 2339 356 2376; x_wconf 68' lang='lat'><strong>³</strong></span> <span class='ocrx_word' id='word_1_142' title='bbox 467 2397 472 2404; x_wconf 94' lang='lat'>.</span> <span class='ocrx_word' id='word_1_143' title='bbox 1443 2347 1617 2408; x_wconf 69' lang='lat' dir='ltr'>.*1saetn-</span> 
     </span>
     <span class='ocr_line' id='line_1_19' title="bbox 299 2420 1672 2529; baseline 0.002 -24"><span class='ocrx_word' id='word_1_144' title='bbox 299 2431 345 2510; x_wconf 83' lang='lat' dir='ltr'>X.</span> <span class='ocrx_word' id='word_1_145' title='bbox 370 2431 535 2528; x_wconf 82' lang='lat' dir='ltr'>Nepotes</span> <span class='ocrx_word' id='word_1_146' title='bbox 546 2452 659 2506; x_wconf 87' lang='lat' dir='ltr'>autem</span> <span class='ocrx_word' id='word_1_147' title='bbox 668 2455 764 2508; x_wconf 86' lang='lat' dir='ltr'>meos</span> <span class='ocrx_word' id='word_1_148' title='bbox 779 2455 974 2528; x_wconf 90' lang='lat' dir='ltr'>eorumque</span> <span class='ocrx_word' id='word_1_149' title='bbox 985 2429 1403 2529; x_wconf 72' lang='lat' dir='ltr'>successores&amp;haetedes</span> <span class='ocrx_word' id='word_1_150' title='bbox 1412 2439 1448 2508; x_wconf 88' lang='lat' dir='ltr'>in</span> <span class='ocrx_word' id='word_1_151' title='bbox 1465 2420 1517 2497; x_wconf 76' lang='lat' dir='ltr'>fra</span> <span class='ocrx_word' id='word_1_152' title='bbox 1531 2423 1587 2497; x_wconf 69' lang='lat' dir='ltr'>l⁰l²</span> <span class='ocrx_word' id='word_1_153' title='bbox 1622 2452 1623 2461; x_wconf 56' lang='lat'>¹</span> <span class='ocrx_word' id='word_1_154' title='bbox 1668 2489 1672 2495; x_wconf 82' lang='lat'>-</span> 
     </span>
     <span class='ocr_line' id='line_1_20' title="bbox 250 2502 1600 2638; baseline 0.001 -34"><span class='ocrx_word' id='word_1_155' title='bbox 250 2530 355 2604; x_wconf 85' lang='lat' dir='ltr'>bonis</span> <span class='ocrx_word' id='word_1_156' title='bbox 378 2527 645 2623; x_wconf 79' lang='lat' dir='ltr'>Zuicbemenstbur</span> <span class='ocrx_word' id='word_1_157' title='bbox 661 2553 751 2626; x_wconf 84' lang='lat' dir='ltr'>rogo</span> <span class='ocrx_word' id='word_1_158' title='bbox 769 2553 875 2626; x_wconf 90' lang='lat' dir='ltr'>atque</span> <span class='ocrx_word' id='word_1_159' title='bbox 891 2529 1063 2615; x_wconf 88' lang='lat' dir='ltr'>obtestor,</span> <span class='ocrx_word' id='word_1_160' title='bbox 1089 2551 1129 2602; x_wconf 91' lang='lat' dir='ltr'>ut</span> <span class='ocrx_word' id='word_1_161' title='bbox 1147 2533 1208 2602; x_wconf 84' lang='lat' dir='ltr'>has</span> <span class='ocrx_word' id='word_1_162' title='bbox 1226 2528 1447 2606; x_wconf 86' lang='lat' dir='ltr'>fundationes</span> <span class='ocrx_word' id='word_1_163' title='bbox 1474 2502 1600 2638; x_wconf 43' lang='lat' dir='ltr'>w*</span> 
     </span>
     <span class='ocr_line' id='line_1_21' title="bbox 201 2598 1573 2732; baseline 0.003 -34"><span class='ocrx_word' id='word_1_164' title='bbox 201 2661 214 2667; x_wconf 87' lang='lat'><strong>·</strong></span> <span class='ocrx_word' id='word_1_165' title='bbox 252 2650 349 2698; x_wconf 85' lang='lat' dir='ltr'>meas</span> <span class='ocrx_word' id='word_1_166' title='bbox 371 2625 518 2698; x_wconf 89' lang='lat' dir='ltr'>fideliter</span> <span class='ocrx_word' id='word_1_167' title='bbox 539 2628 577 2697; x_wconf 91' lang='lat' dir='ltr'>in</span> <span class='ocrx_word' id='word_1_168' title='bbox 600 2648 810 2724; x_wconf 86' lang='lat' dir='ltr'>perpetuum</span> <span class='ocrx_word' id='word_1_169' title='bbox 839 2624 1044 2700; x_wconf 84' lang='lat' dir='ltr'>conservare</span> <span class='ocrx_word' id='word_1_170' title='bbox 1071 2626 1255 2713; x_wconf 88' lang='lat' dir='ltr'>studeant,</span> <span class='ocrx_word' id='word_1_171' title='bbox 1287 2651 1354 2702; x_wconf 89' lang='lat' dir='ltr'>nec</span> <span class='ocrx_word' id='word_1_172' title='bbox 1379 2627 1448 2702; x_wconf 90' lang='lat' dir='ltr'>suis</span> <span class='ocrx_word' id='word_1_173' title='bbox 1471 2598 1573 2732; x_wconf 50' lang='grc' dir='ltr'>ἕψω.</span> 
     </span>
     <span class='ocr_line' id='line_1_22' title="bbox 248 2718 1543 2822; baseline -0.002 -28"><span class='ocrx_word' id='word_1_174' title='bbox 248 2720 360 2798; x_wconf 86' lang='lat' dir='ltr'>lucris</span> <span class='ocrx_word' id='word_1_175' title='bbox 376 2721 507 2816; x_wconf 88' lang='lat' dir='ltr'>aliquid</span> <span class='ocrx_word' id='word_1_176' title='bbox 523 2724 595 2794; x_wconf 91' lang='lat' dir='ltr'>ullo</span> <span class='ocrx_word' id='word_1_177' title='bbox 612 2722 972 2817; x_wconf 87' lang='lat' dir='ltr'>tempore-decidant,</span> <span class='ocrx_word' id='word_1_178' title='bbox 998 2718 1344 2817; x_wconf 85' lang='lat' dir='ltr'>autsrbiapplicent‚</span> <span class='ocrx_word' id='word_1_179' title='bbox 1370 2729 1445 2822; x_wconf 88' lang='lat' dir='ltr'>qui·</span> <span class='ocrx_word' id='word_1_180' title='bbox 1473 2753 1543 2794; x_wconf 78' lang='lat' dir='ltr'>nam.</span> 
     </span>
     <span class='ocr_line' id='line_1_23' title="bbox 250 2815 1449 2916; baseline 0.004 -24"><span class='ocrx_word' id='word_1_181' title='bbox 250 2819 321 2894; x_wconf 88' lang='lat' dir='ltr'>bus</span> <span class='ocrx_word' id='word_1_182' title='bbox 347 2819 450 2894; x_wconf 81' lang='lat' dir='ltr'>eriam</span> <span class='ocrx_word' id='word_1_183' title='bbox 480 2840 521 2890; x_wconf 89' lang='lat' dir='ltr'>ea</span> <span class='ocrx_word' id='word_1_184' title='bbox 552 2817 663 2890; x_wconf 88' lang='lat' dir='ltr'>fretus</span> <span class='ocrx_word' id='word_1_185' title='bbox 688 2815 818 2892; x_wconf 73' lang='lat' dir='ltr'>fiducia</span> <span class='ocrx_word' id='word_1_186' title='bbox 842 2823 899 2913; x_wconf 89' lang='lat' dir='ltr'>jus</span> <span class='ocrx_word' id='word_1_187' title='bbox 921 2835 1126 2913; x_wconf 88' lang='lat' dir='ltr'>patronatus</span> <span class='ocrx_word' id='word_1_188' title='bbox 1158 2819 1449 2916; x_wconf 87' lang='lat' dir='ltr'>collationemque</span> 
     </span>
     <span class='ocr_line' id='line_1_24' title="bbox 249 2909 1446 3010; baseline 0.002 -22"><span class='ocrx_word' id='word_1_189' title='bbox 249 2915 540 3010; x_wconf 82' lang='lat' dir='ltr'>praebendarum,</span> <span class='ocrx_word' id='word_1_190' title='bbox 572 2911 716 3010; x_wconf 89' lang='lat' dir='ltr'>ejusque</span> <span class='ocrx_word' id='word_1_191' title='bbox 737 2913 919 3008; x_wconf 82' lang='lat' dir='ltr'>hospitalis</span> <span class='ocrx_word' id='word_1_192' title='bbox 941 2913 979 2987; x_wconf 76' lang='grc' dir='ltr'>δι</span> <span class='ocrx_word' id='word_1_193' title='bbox 1001 2909 1243 3002; x_wconf 70' lang='lat' dir='ltr'>scholarium,</span> <span class='ocrx_word' id='word_1_194' title='bbox 1262 2915 1446 3010; x_wconf 78' lang='lat' dir='ltr'>relin&#39;qu03</span> 
     </span>
     <span class='ocr_line' id='line_1_25' title="bbox 245 3005 1558 3106; baseline -0.003 -18"><span class='ocrx_word' id='word_1_195' title='bbox 245 3012 313 3088; x_wconf 90' lang='lat' dir='ltr'>sub</span> <span class='ocrx_word' id='word_1_196' title='bbox 323 3009 641 3106; x_wconf 88' lang='lat' dir='ltr'>superintendentia</span> <span class='ocrx_word' id='word_1_197' title='bbox 650 3031 766 3082; x_wconf 91' lang='lat' dir='ltr'>tamen</span> <span class='ocrx_word' id='word_1_198' title='bbox 776 3007 1057 3084; x_wconf 86' lang='lat' dir='ltr'>Reverendiffirni</span> <span class='ocrx_word' id='word_1_199' title='bbox 1066 3005 1185 3104; x_wconf 82' lang='lat' dir='ltr'>Episc.</span> <span class='ocrx_word' id='word_1_200' title='bbox 1200 3013 1448 3106; x_wconf 65' lang='lat' dir='ltr'>herardienfit,</span> <span class='ocrx_word' id='word_1_201' title='bbox 1554 3029 1558 3036; x_wconf 85' lang='grc'><em>’</em></span> 
     </span>
     <span class='ocr_line' id='line_1_26' title="bbox 249 3103 1450 3202; baseline 0.001 -22"><span class='ocrx_word' id='word_1_202' title='bbox 249 3133 357 3202; x_wconf 91' lang='lat' dir='ltr'>quem</span> <span class='ocrx_word' id='word_1_203' title='bbox 381 3110 505 3179; x_wconf 89' lang='lat' dir='ltr'>harum</span> <span class='ocrx_word' id='word_1_204' title='bbox 529 3103 770 3178; x_wconf 84' lang='lat' dir='ltr'>fundationum</span> <span class='ocrx_word' id='word_1_205' title='bbox 798 3105 1075 3179; x_wconf 86' lang='lat' dir='ltr'>conservatorem</span> <span class='ocrx_word' id='word_1_206' title='bbox 1098 3104 1301 3194; x_wconf 87' lang='lat' dir='ltr'>constituo,</span> <span class='ocrx_word' id='word_1_207' title='bbox 1332 3127 1390 3196; x_wconf 89' lang='lat' dir='ltr'>ut,</span> <span class='ocrx_word' id='word_1_208' title='bbox 1424 3107 1450 3182; x_wconf 88' lang='lat' dir='ltr'>st</span> 
     </span>
     <span class='ocr_line' id='line_1_27' title="bbox 249 3198 1449 3296; baseline 0.001 -18"><span class='ocrx_word' id='word_1_209' title='bbox 249 3203 345 3278; x_wconf 83' lang='lat' dir='ltr'>sorte</span> <span class='ocrx_word' id='word_1_210' title='bbox 364 3203 457 3274; x_wconf 90' lang='lat' dir='ltr'>intra</span> <span class='ocrx_word' id='word_1_211' title='bbox 477 3198 535 3272; x_wconf 82' lang='lat' dir='ltr'>sex</span> <span class='ocrx_word' id='word_1_212' title='bbox 551 3201 683 3280; x_wconf 89' lang='lat' dir='ltr'>menses</span> <span class='ocrx_word' id='word_1_213' title='bbox 700 3203 738 3273; x_wconf 93' lang='lat' dir='ltr'>in</span> <span class='ocrx_word' id='word_1_214' title='bbox 762 3199 918 3275; x_wconf 76' lang='lat' dir='ltr'>desunsli</span> <span class='ocrx_word' id='word_1_215' title='bbox 936 3203 1053 3276; x_wconf 87' lang='lat' dir='ltr'>locum</span> <span class='ocrx_word' id='word_1_216' title='bbox 1077 3203 1163 3274; x_wconf 82' lang='lat' dir='ltr'>alius</span> <span class='ocrx_word' id='word_1_217' title='bbox 1189 3198 1386 3296; x_wconf 87' lang='lat' dir='ltr'>surrogatus</span> <span class='ocrx_word' id='word_1_218' title='bbox 1405 3205 1449 3279; x_wconf 87' lang='lat' dir='ltr'>ab</span> 
     </span>
     <span class='ocr_line' id='line_1_28' title="bbox 251 3295 1447 3394; baseline -0.003 -19"><span class='ocrx_word' id='word_1_219' title='bbox 251 3304 267 3375; x_wconf 90' lang='lat' dir='ltr'>i</span> <span class='ocrx_word' id='word_1_220' title='bbox 294 3299 336 3373; x_wconf 83' lang='lat' dir='ltr'>hs</span> <span class='ocrx_word' id='word_1_221' title='bbox 367 3321 442 3373; x_wconf 89' lang='lat' dir='ltr'>non</span> <span class='ocrx_word' id='word_1_222' title='bbox 473 3295 601 3386; x_wconf 88' lang='lat' dir='ltr'>fuerit,</span> <span class='ocrx_word' id='word_1_223' title='bbox 634 3322 704 3393; x_wconf 91' lang='lat' dir='ltr'>pro</span> <span class='ocrx_word' id='word_1_224' title='bbox 730 3321 772 3373; x_wconf 86' lang='lat' dir='ltr'>ea</span> <span class='ocrx_word' id='word_1_225' title='bbox 794 3301 901 3383; x_wconf 86' lang='lat' dir='ltr'>viee,</span> <span class='ocrx_word' id='word_1_226' title='bbox 938 3299 995 3392; x_wconf 82' lang='lat' dir='ltr'>jus</span> <span class='ocrx_word' id='word_1_227' title='bbox 1025 3297 1239 3392; x_wconf 84' lang='lat' dir='ltr'>providendi</span> <span class='ocrx_word' id='word_1_228' title='bbox 1263 3299 1306 3370; x_wconf 92' lang='lat' dir='ltr'>ad</span> <span class='ocrx_word' id='word_1_229' title='bbox 1335 3299 1447 3394; x_wconf 88' lang='lat' dir='ltr'>ipsum</span> 
     </span>
     <span class='ocr_line' id='line_1_29' title="bbox 288 3391 1433 3493; baseline -0.003 -26"><span class='ocrx_word' id='word_1_230' title='bbox 288 3393 474 3493; x_wconf 89' lang='lat' dir='ltr'>piscopum</span> <span class='ocrx_word' id='word_1_231' title='bbox 494 3391 712 3468; x_wconf 87' lang='lat' dir='ltr'>devolvatur.</span> <span class='ocrx_word' id='word_1_232' title='bbox 1089 3448 1093 3458; x_wconf 89' lang='lat'><em>.</em></span> <span class='ocrx_word' id='word_1_233' title='bbox 1430 3481 1433 3488; x_wconf 14' lang='grc' dir='ltr'><strong>Α</strong></span> 
     </span>
     <span class='ocr_line' id='line_1_30' title="bbox 302 3485 1445 3588; baseline -0.001 -19"><span class='ocrx_word' id='word_1_234' title='bbox 302 3491 363 3569; x_wconf 89' lang='lat' dir='ltr'>XI.</span> <span class='ocrx_word' id='word_1_235' title='bbox 388 3492 563 3564; x_wconf 73' lang='lat' dir='ltr'>Praeterea</span> <span class='ocrx_word' id='word_1_236' title='bbox 584 3514 721 3564; x_wconf 88' lang='lat' dir='ltr'>meeum</span> <span class='ocrx_word' id='word_1_237' title='bbox 739 3485 959 3566; x_wconf 82' lang='lat' dir='ltr'>considerans</span> <span class='ocrx_word' id='word_1_238' title='bbox 976 3512 1106 3588; x_wconf 86' lang='lat' dir='ltr'>quanta</span> <span class='ocrx_word' id='word_1_239' title='bbox 1120 3487 1212 3564; x_wconf 88' lang='lat' dir='ltr'>hisce</span> <span class='ocrx_word' id='word_1_240' title='bbox 1231 3493 1445 3587; x_wconf 84' lang='lat' dir='ltr'>temporibus</span> 
     </span>
     <span class='ocr_line' id='line_1_31' title="bbox 243 3584 1448 3684; baseline 0.002 -22"><span class='ocrx_word' id='word_1_241' title='bbox 243 3591 454 3681; x_wconf 83' lang='lat' dir='ltr'>idonearum</span> <span class='ocrx_word' id='word_1_242' title='bbox 469 3586 513 3660; x_wconf 84' lang='lat' dir='ltr'>ad</span> <span class='ocrx_word' id='word_1_243' title='bbox 525 3585 750 3660; x_wconf 84' lang='lat' dir='ltr'>ecclestastica</span> <span class='ocrx_word' id='word_1_244' title='bbox 765 3584 950 3661; x_wconf 87' lang='lat' dir='ltr'>ministeria</span> <span class='ocrx_word' id='word_1_245' title='bbox 967 3588 1131 3662; x_wconf 84' lang='lat' dir='ltr'>obeunda</span> <span class='ocrx_word' id='word_1_246' title='bbox 1145 3585 1368 3680; x_wconf 88' lang='lat' dir='ltr'>personarum</span> <span class='ocrx_word' id='word_1_247' title='bbox 1386 3615 1448 3684; x_wconf 88' lang='lat' dir='ltr'>pe·</span> 
     </span>
     <span class='ocr_line' id='line_1_32' title="bbox 249 3680 1446 3781; baseline -0.003 -17"><span class='ocrx_word' id='word_1_248' title='bbox 249 3688 352 3764; x_wconf 87' lang='lat' dir='ltr'>nuria</span> <span class='ocrx_word' id='word_1_249' title='bbox 366 3683 567 3767; x_wconf 88' lang='lat' dir='ltr'>laboretur,</span> <span class='ocrx_word' id='word_1_250' title='bbox 593 3681 850 3778; x_wconf 87' lang='lat' dir='ltr'>convenireque</span> <span class='ocrx_word' id='word_1_251' title='bbox 869 3680 1063 3758; x_wconf 84' lang='lat' dir='ltr'>existimans</span> <span class='ocrx_word' id='word_1_252' title='bbox 1079 3705 1119 3758; x_wconf 90' lang='lat' dir='ltr'>ut</span> <span class='ocrx_word' id='word_1_253' title='bbox 1134 3683 1267 3758; x_wconf 88' lang='lat' dir='ltr'>soboles</span> <span class='ocrx_word' id='word_1_254' title='bbox 1287 3688 1446 3781; x_wconf 75' lang='lat' dir='ltr'>quedam</span> 
     </span>
     <span class='ocr_line' id='line_1_33' title="bbox 249 3775 1447 3879; baseline -0.001 -24"><span class='ocrx_word' id='word_1_255' title='bbox 249 3780 402 3879; x_wconf 77' lang='lat' dir='ltr'>aptitus</span> <span class='ocrx_word' id='word_1_256' title='bbox 421 3799 522 3856; x_wconf 86' lang='lat' dir='ltr'>aetate</span> <span class='ocrx_word' id='word_1_257' title='bbox 540 3779 586 3849; x_wconf 89' lang='lat' dir='ltr'>ad</span> <span class='ocrx_word' id='word_1_258' title='bbox 601 3804 649 3852; x_wconf 83' lang='lat' dir='ltr'>ea</span> <span class='ocrx_word' id='word_1_259' title='bbox 674 3775 865 3862; x_wconf 87' lang='lat' dir='ltr'>formetur,</span> <span class='ocrx_word' id='word_1_260' title='bbox 897 3801 1050 3875; x_wconf 85' lang='lat' dir='ltr'>aptaque</span> <span class='ocrx_word' id='word_1_261' title='bbox 1075 3779 1242 3853; x_wconf 88' lang='lat' dir='ltr'>reddatur</span> <span class='ocrx_word' id='word_1_262' title='bbox 1258 3781 1447 3876; x_wconf 84' lang='lat' dir='ltr'>praesertim</span> 
     </span>
     <span class='ocr_line' id='line_1_34' title="bbox 244 3871 1448 3973; baseline -0.002 -18"><span class='ocrx_word' id='word_1_263' title='bbox 244 3903 333 3956; x_wconf 83' lang='lat' dir='ltr'>cum</span> <span class='ocrx_word' id='word_1_264' title='bbox 348 3879 405 3957; x_wconf 76' lang='lat' dir='ltr'>‚ob</span> <span class='ocrx_word' id='word_1_265' title='bbox 431 3872 650 3950; x_wconf 82' lang='lat' dir='ltr'>dissensiones</span> <span class='ocrx_word' id='word_1_266' title='bbox 677 3899 720 3949; x_wconf 90' lang='lat' dir='ltr'>ac</span> <span class='ocrx_word' id='word_1_267' title='bbox 743 3871 892 3947; x_wconf 86' lang='lat' dir='ltr'>diversas</span> <span class='ocrx_word' id='word_1_268' title='bbox 914 3875 1060 3949; x_wconf 84' lang='lat' dir='ltr'>haereses</span> <span class='ocrx_word' id='word_1_269' title='bbox 1087 3899 1292 3973; x_wconf 86' lang='lat' dir='ltr'>erroresque</span> <span class='ocrx_word' id='word_1_270' title='bbox 1320 3879 1448 3972; x_wconf 90' lang='lat' dir='ltr'>quibus</span> 
     </span>
     <span class='ocr_line' id='line_1_35' title="bbox 249 3971 1447 4069; baseline -0.001 -22"><span class='ocrx_word' id='word_1_271' title='bbox 249 3975 467 4048; x_wconf 86' lang='lat' dir='ltr'>Christianus</span> <span class='ocrx_word' id='word_1_272' title='bbox 498 3971 592 4044; x_wconf 91' lang='lat' dir='ltr'>orbis</span> <span class='ocrx_word' id='word_1_273' title='bbox 612 3973 718 4044; x_wconf 89' lang='lat' dir='ltr'>hodie</span> <span class='ocrx_word' id='word_1_274' title='bbox 753 3971 885 4065; x_wconf 84' lang='lat' dir='ltr'>(proh</span> <span class='ocrx_word' id='word_1_275' title='bbox 912 3971 1072 4068; x_wconf 83' lang='lat' dir='ltr'>dolori)</span> <span class='ocrx_word' id='word_1_276' title='bbox 1113 3971 1233 4046; x_wconf 87' lang='lat' dir='ltr'>misere</span> <span class='ocrx_word' id='word_1_277' title='bbox 1273 3977 1447 4069; x_wconf 76' lang='lat' dir='ltr'>agitatur,</span> 
     </span>
     <span class='ocr_line' id='line_1_36' title="bbox 239 4068 1445 4166; baseline -0.002 -21"><span class='ocrx_word' id='word_1_278' title='bbox 239 4072 440 4165; x_wconf 31' lang='lat' dir='ltr'>,odiumque</span> <span class='ocrx_word' id='word_1_279' title='bbox 459 4087 790 4166; x_wconf 77' lang='lat' dir='ltr'>accontemptnm,</span> <span class='ocrx_word' id='word_1_280' title='bbox 823 4090 896 4164; x_wconf 89' lang='lat' dir='ltr'>quo</span> <span class='ocrx_word' id='word_1_281' title='bbox 905 4071 1067 4166; x_wconf 58' lang='lat' dir='ltr'>,populus</span> <span class='ocrx_word' id='word_1_282' title='bbox 1084 4069 1218 4160; x_wconf 82' lang='lat' dir='ltr'>clerum</span> <span class='ocrx_word' id='word_1_283' title='bbox 1241 4068 1445 4155; x_wconf 75' lang='lat' dir='ltr'>inseslatur,</span> 
     </span>
     <span class='ocr_line' id='line_1_37' title="bbox 160 4161 1449 4264; baseline 0.001 -24"><span class='ocrx_word' id='word_1_284' title='bbox 160 4161 169 4186; x_wconf 72' lang='lat'>⁸</span> <span class='ocrx_word' id='word_1_285' title='bbox 243 4167 514 4264; x_wconf 69' lang='lat' dir='ltr'>,opulentiorum</span> <span class='ocrx_word' id='word_1_286' title='bbox 532 4162 634 4236; x_wconf 86' lang='lat' dir='ltr'>liberi</span> <span class='ocrx_word' id='word_1_287' title='bbox 667 4163 711 4234; x_wconf 92' lang='lat' dir='ltr'>ab</span> <span class='ocrx_word' id='word_1_288' title='bbox 746 4161 834 4234; x_wconf 87' lang='lat' dir='ltr'>statu</span> <span class='ocrx_word' id='word_1_289' title='bbox 866 4161 1099 4236; x_wconf 86' lang='lat' dir='ltr'>ecclefiastico</span> <span class='ocrx_word' id='word_1_290' title='bbox 1133 4165 1357 4252; x_wconf 90' lang='lat' dir='ltr'>abhorrent,</span> <span class='ocrx_word' id='word_1_291' title='bbox 1399 4190 1449 4241; x_wconf 90' lang='lat' dir='ltr'>te-</span> 
     </span>
     <span class='ocr_line' id='line_1_38' title="bbox 251 4256 1447 4358; baseline -0.003 -18"><span class='ocrx_word' id='word_1_292' title='bbox 251 4265 433 4358; x_wconf 78' lang='lat' dir='ltr'>nuioribus</span> <span class='ocrx_word' id='word_1_293' title='bbox 456 4283 541 4335; x_wconf 87' lang='lat' dir='ltr'>veto</span> <span class='ocrx_word' id='word_1_294' title='bbox 563 4261 609 4336; x_wconf 85' lang='lat' dir='ltr'>ad</span> <span class='ocrx_word' id='word_1_295' title='bbox 635 4256 823 4354; x_wconf 86' lang='lat' dir='ltr'>sumptus,</span> <span class='ocrx_word' id='word_1_296' title='bbox 856 4281 928 4357; x_wconf 86' lang='lat' dir='ltr'>quo</span> <span class='ocrx_word' id='word_1_297' title='bbox 953 4257 987 4333; x_wconf 92' lang='lat' dir='ltr'>se</span> <span class='ocrx_word' id='word_1_298' title='bbox 1010 4259 1157 4334; x_wconf 88' lang='lat' dir='ltr'>idoneos</span> <span class='ocrx_word' id='word_1_299' title='bbox 1181 4261 1372 4338; x_wconf 86' lang='lat' dir='ltr'>ministerio</span> <span class='ocrx_word' id='word_1_300' title='bbox 1386 4287 1447 4336; x_wconf 89' lang='lat' dir='ltr'>ec-</span> 
     </span>
     <span class='ocr_line' id='line_1_39' title="bbox 240 4351 1449 4451; baseline -0.001 -18"><span class='ocrx_word' id='word_1_301' title='bbox 240 4355 560 4438; x_wconf 73' lang='lat' dir='ltr'>&#39;clefiae·reddant&#39;,‘</span> <span class='ocrx_word' id='word_1_302' title='bbox 590 4353 735 4428; x_wconf 79' lang='lat' dir='ltr'>subsrdia</span> <span class='ocrx_word' id='word_1_303' title='bbox 759 4351 903 4435; x_wconf 91' lang='lat' dir='ltr'>desunt;</span> <span class='ocrx_word' id='word_1_304' title='bbox 937 4355 1022 4430; x_wconf 88' lang='lat' dir='ltr'>hinc</span> <span class='ocrx_word' id='word_1_305' title='bbox 1040 4377 1107 4451; x_wconf 79' lang='lat' dir='ltr'>pro</span> <span class='ocrx_word' id='word_1_306' title='bbox 1131 4351 1333 4434; x_wconf 83' lang='lat' dir='ltr'>facultatum</span> <span class='ocrx_word' id='word_1_307' title='bbox 1358 4383 1449 4433; x_wconf 89' lang='lat' dir='ltr'>mea·</span> 
     </span>
     <span class='ocr_line' id='line_1_40' title="bbox 238 4449 1449 4620; baseline -0.008 -86"><span class='ocrx_word' id='word_1_308' title='bbox 238 4479 328 4543; x_wconf 72' lang='lat' dir='ltr'>rum</span> <span class='ocrx_word' id='word_1_309' title='bbox 353 4454 500 4562; x_wconf 84' lang='lat' dir='ltr'>modulo</span> <span class='ocrx_word' id='word_1_310' title='bbox 514 4451 739 4550; x_wconf 66' lang='lat' dir='ltr'>,aliquantum</span> <span class='ocrx_word' id='word_1_311' title='bbox 753 4450 1050 4620; x_wconf 29' lang='lat' dir='ltr'>„hurcgaeffitan</span> <span class='ocrx_word' id='word_1_312' title='bbox 1076 4449 1258 4532; x_wconf 88' lang='lat' dir='ltr'>subvenire</span> <span class='ocrx_word' id='word_1_313' title='bbox 1282 4455 1449 4532; x_wconf 88' lang='lat' dir='ltr'>debitam-</span> 
     </span>
     <span class='ocr_line' id='line_1_41' title="bbox 263 4569 1451 4648; baseline 0.004 -28"><span class='ocrx_word' id='word_1_314' title='bbox 263 4599 268 4606; x_wconf 75' lang='lat'><strong>·</strong></span> <span class='ocrx_word' id='word_1_315' title='bbox 896 4569 916 4620; x_wconf 93' lang='lat' dir='ltr'>c</span> <span class='ocrx_word' id='word_1_316' title='bbox 1061 4589 1085 4629; x_wconf 69' lang='grc' dir='ltr'>μ</span> <span class='ocrx_word' id='word_1_317' title='bbox 1367 4574 1451 4648; x_wconf 74' lang='lat' dir='ltr'>,que</span> 
     </span>
    </p>
   </div>
   <div class='ocr_carea' id='block_1_5' title="bbox 0 0 1972 5192">
    <p class='ocr_par' dir='ltr' id='par_1_5' title="bbox 0 0 1972 5192">
     <span class='ocr_line' id='line_1_42' title="bbox 0 0 1972 5192; baseline 0 0"><span class='ocrx_word' id='word_1_318' title='bbox 0 0 1972 5192; x_wconf 95' lang='lat' dir='ltr'> </span> 
     </span>
    </p>
   </div>
  </div>
 </body>
</html>
