3934 5192
94 241 263 418 J
369 351 377 366 ‚
866 290 869 295 <
1634 182 1897 278 --rrw

527 405 644 575 300'
701 457 1291 561 commentante.
1336 429 1597 560 noran.

533 657 665 754 posset,
690 663 874 740 videbatur
889 660 1003 738 eidem
1023 663 1234 748 convenire,
1259 682 1298 734 ut
1315 679 1415 735 antea
1437 686 1477 736 ea
1492 662 1635 736 materia
1654 677 1731 736 exa·

533 758 741 834 minaretur:
766 761 902 858 fuitque
920 782 987 855 per
1008 783 1126 832 omnes
1152 755 1370 854 responsum,
1395 759 1548 852 quodid
1574 783 1645 830 non
1670 782 1736 854 po-

537 873 630 924 terat
654 861 777 931 melius
806 857 912 940 fieri,
952 857 1057 954 qu'am
1079 853 1106 926 st
1126 855 1403 948 intelligerentur
1430 857 1468 930 δι
1493 856 1736 928 reviderenrur

534 949 1236 1120 Statuumconsensus,acceptationetque
1251 949 1434 1024 Excelltite
1447 949 1517 1024 suae
1528 951 1677 1045 desuper
1687 952 1736 1024 se·

534 1067 651 1130 curae,
677 1049 716 1122 δι
732 1050 942 1146 presertim,
966 1049 992 1122 fi
1013 1071 1170 1142 exequen
1198 1044 1438 1121 oconsensum
1464 1049 1587 1120 Decimi
1612 1045 1651 1119 dt
1676 1047 1735 1120 Vr·

533 1139 643 1235 gestui
650 1145 807 1225 Denaris,
826 1143 1012 1219 secundum
1032 1140 1398 1239 quodvidebatursuae
1409 1140 1732 1216 Excelltiaeelsein·

537 1241 670 1324 tentio,
694 1262 888 1314 remaneret
909 1243 1045 1338 integra
1051 1239 1193 1334 secunde
1218 1236 1409 1332 Centeſsma,
1433 1236 1733 1334 quameonsense·

538 1355 618 1405 rant
643 1335 758 1408 Status
789 1339 826 1410 in
857 1339 1115 1432 recompenlam
1146 1336 1184 1409 &
1210 1333 1477 1408 diminutionem
1505 1357 1589 1429 quae
1621 1335 1735 1430 petita

430 1505 436 1515 ,
535 1427 605 1502 suit
621 1452 667 1502 ex
683 1431 783 1503 causa
798 1433 1057 1507 moderationis.

586 1525 760 1598 XXXII.
785 1525 921 1601 Verum
941 1528 1021 1602 cirrn
1048 1521 1229 1600 consensus
1253 1524 1413 1600 Statuam
1437 1528 1482 1600 ad
1500 1541 1639 1602 manum
1654 1547 1727 1600 non

536 1617 642 1707 esset,
665 1619 735 1695 suit
751 1624 900 1711 ditium,
925 1627 1022 1719 quod
1038 1623 1208 1694 rediretur
1226 1624 1269 1695 ad
1289 1622 1469 1696 Camenam
1487 1623 1517 1693 F
1517 1623 1731 1698 inanciarum

536 1713 602 1788 sub
628 1719 750 1794 horam
776 1721 955 1792 tertiama
983 1718 1156 1814 prandio,
1180 1739 1220 1789 ut
1244 1717 1289 1790 ad
1318 1739 1475 1813 quartam
1498 1720 1623 1791 horam
1641 1716 1734 1790 irent

538 1813 609 1885 una
632 1813 677 1886 ad
697 1811 843 1887 Ducem
879 1815 1034 1888 Venient
1054 1817 1166 1888 autent
1181 1810 1307 1886 Praeset
1327 1815 1361 1885 in
1379 1811 1521 1890 Curiam
1538 1811 1732 1887 subhoram

535 1908 696 2000 tertiam,
721 1907 812 1982 solur
836 1909 903 1985 suit
916 1927 1062 1983 vocatos
1077 1907 1343 1983 adExcelltiam.
1359 1905 1460 1984 suam.
1512 1905 1606 1997 Quae
1624 1911 1731 1982 valde

532 2026 712 2078 commota
722 2008 773 2078 illi
783 2007 889 2092 dixit,
914 2007 1012 2100 quod
1027 2007 1241 2080 intellexerat
1257 2027 1337 2079 ante
1351 2005 1538 2100 prandium
1554 2009 1589 2080 in
1601 2005 1632 2076 F
1632 2006 1732 2078 inan·

533 2101 600 2174 ciis
624 2098 833 2195 disputatum
860 2098 965 2174 fnisse
983 2101 1163 2197 negotium
1188 2097 1433 2187 subfidiorum,
1465 2123 1537 2176 non
1570 2097 1731 2174 obslante

535 2198 635 2290 quod
650 2198 702 2270 illi
717 2218 797 2270 ante
811 2197 944 2292 aliquot
963 2197 1035 2270 diet
1050 2191 1210 2292 Julserat,
1236 2196 1334 2292 quod
1349 2195 1728 2282 debererdilsrmulare‚

533 2293 577 2367 dt
591 2315 663 2365 non
677 2295 776 2387 loqui
784 2290 1031 2384 deCrnrefirna,
1056 2291 1222 2388 qnodque
1240 2315 1310 2366 non
1329 2293 1562 2366 conveniebat
1579 2293 1728 2388 amplius

535 2411 616 2462 eam
627 2390 837 2464 revocarein
845 2390 990 2462 dubium
1004 2385 1116 2464 &dis
1135 2389 1342 2474 orationem,
1366 2387 1576 2484 potissmunr
1593 2390 1631 2460 in
1642 2407 1731 2485 prae·
1863 2389 1868 2396 '

534 2483 642 2558 sentia
656 2507 778 2559 eorum
795 2485 839 2558 de
853 2485 884 2557 F
884 2485 1040 2557 inanciis.
1089 2411 1361 2570 durnah-rem
1384 2485 1548 2570 dicebat,
1571 2483 1608 2556 se
1624 2485 1728 2560 deco

534 2602 607 2652 non
636 2577 703 2653 else
727 2601 949 2667 contentum,
975 2577 1073 2676 quod
1088 2601 1159 2650 non
1176 2577 1289 2652 suerat
1303 2577 1443 2652 secutus
1457 2579 1495 2652 id
1516 2583 1614 2676 quod
1633 2603 1726 2652 man-

427 2704 431 2710 ·
531 2678 645 2750 clarat
693 2675 751 2751 Ad
769 2697 848 2770 quae
866 2672 996 2750 Praeses
1015 2674 1174 2760 dicebat,
1200 2677 1296 2770 quod
1313 2673 1424 2748 Dnus.
1445 2675 1727 2773 Barlaymontiur

533 2772 633 2844 illum
659 2769 704 2844 ed
729 2773 936 2857 advocatae,
972 2793 1116 2866 eamque
1141 2771 1321 2844 materiam
1341 2771 1379 2842 in
1396 2771 1647 2846 deliberatione
1663 2795 1727 2868 po-

516 2867 650 2942 suerat
673 2888 682 2939 :
708 2889 780 2938 non
806 2887 919 2940 autern
942 2867 1146 2939 arbitratum
1170 2865 1224 2952 se,
1248 2865 1343 2961 qu'od
1365 2869 1414 2942 de
1439 2870 1499 2940 illa
1516 2891 1588 2942 nou
1604 2869 1726 2944 liceret

534 2965 653 3056 loqui,
678 2960 866 3058 praesertim
890 2963 927 3034 in
956 2962 987 3033 F
990 2963 1131 3035 inanciis
1139 3011 1151 3046 ,
1176 2963 1237 3034 ubi
1261 2960 1463 3036 consuetum
1483 2987 1558 3037 erar
1577 2961 1727 3058 ejusmo-

535 3061 571 3132 di
598 3059 757 3130 materias
789 3055 936 3132 tradate
960 3080 970 3128 r
996 3061 1161 3150 quodque
1187 3063 1232 3130 de
1252 3081 1296 3130 ca
1313 3057 1363 3130 ibi
1380 3056 1625 3147 contulissent,
1650 3059 1726 3154 spe·
1890 3105 1892 3114 ι

535 3151 636 3226 elalse
663 3147 706 3226 ad
732 3153 896 3243 maiorem
920 3154 1073 3224 mareriee
1092 3153 1502 3248 declarationem„quod
1524 3150 1724 3249 ipseimpe·
1770 3224 1772 3232 ,
1875 3159 1878 3168 ’

533 3251 609 3323 dire
616 3271 685 3322 non
696 3271 847 3342 poterat.
866 3245 984 3336 Quod
998 3271 1111 3321 autern
1122 3260 1222 3322 antea
1230 3251 1419 3324 declararet
1426 3249 1618 3323 Excelltiae.
1629 3249 1723 3336 suae‚

530 3347 635 3440 super
660 3341 865 3419 difficultate
889 3369 992 3440 quam
1009 3347 1045 3417 in
1063 3367 1105 3418 eo
1123 3347 1264 3440 negotio
1282 3367 1512 3442 conceperat,
1536 3343 1658 3430 fuisse,
1684 3367 1725 3420 ut

530 3440 743 3515 satisfaceret
765 3441 881 3516 officio
898 3443 979 3531 suo,
1006 3441 1043 3515 &
1061 3441 1098 3512 in
1119 3460 1279 3536 tempore
1304 3441 1443 3518 obviarn
1459 3443 1567 3514 iretur
1582 3465 1724 3528 contra,-

528 3537 756 3625 dlstionibus,
781 3559 868 3632 quas
884 3535 1004 3611 Status
1022 3559 1165 3610 movere
1182 3556 1346 3632 poterant
1361 3536 1429 3610 suae
1443 3535 1668 3624 Exeeurtae„
1686 3537 1723 3611 dt

527 3633 718 3728 praesertim
745 3631 926 3708 fibellum
947 3633 1090 3728 aliquod
1115 3629 1266 3708 suscitari
1291 3635 1479 3728 aliquando
1502 3637 1726 3729 contingeret

527 3729 607 3824 post
635 3734 709 3824 ejus
736 3725 937 3814 discessum,
968 3753 1013 3801 ne
1043 3726 1213 3805 successor
1230 3732 1265 3802 in
1284 3731 1535 3824 gubernatione
1548 3731 1723 3826 imputare

524 3823 685 3900 Consilio
709 3821 841 3921 posset,
865 3826 963 3919 quod
987 3823 1167 3900 consensus
1178 3825 1323 3920 ficaria
1349 3825 1525 3920 Centestrne
1544 3828 1722 3922 neglectus

523 3917 660 4010 suisset,
683 3923 777 3996 unde
794 3923 957 4016 regiones
978 3923 1016 3994 in
1033 3922 1227 4016 periculum
1245 3921 1388 4015 aliquod
1401 3923 1555 4000 incidere
1562 3917 1723 4019 possent,

523 4037 607 4087 cum
638 4015 732 4091 didit
757 4014 934 4111 Centefima
960 4019 1105 4096 unicum
1121 4039 1198 4092 erat
1227 4018 1423 4094 remedium
1459 4017 1506 4092 ad
1537 4017 1722 4094 'conserva-

522 4111 653 4186 tionem
681 4135 800 4188 earum
827 4135 951 4189 eontra
972 4115 1128 4190 omnium
1155 4114 1376 4192 inimicorum
1393 4111 1599 4194 intrusiones.
1651 4111 1723 4190 Ve-

522 4207 689 4282 rdmcum
704 4207 890 4285 Excelltia.
905 4209 967 4286 sua
979 4235 1052 4286 non
1068 4209 1229 4300 volebat,
1248 4213 1497 4308 ntempliutde
1513 4211 1722 4307 eoloquere·

518 4326 600 4396 tar,
624 4303 684 4384 sed
698 4305 938 4401 dilsmularer,
960 4307 1036 4408 ipse
1055 4307 1091 4387 le
1108 4305 1309 4408 morsuum
1325 4317 1721 4476 monetmonet&

639 4426 644 4453 ³
1116 4459 1127 4476 ,
1557 4477 1565 4492 ,
1619 4426 1659 4479 ee
