3934 5192
544 540 626 637 144
718 496 1625 618 Noniinvi'rAMVIGLn
1736 508 1758 531 ³

544 749 568 782 ι,
585 707 659 775 sitas
675 726 774 803 equo
791 708 906 775 animo
921 705 1102 774 toleranda
1122 702 1293 781 cneum
1309 702 1381 773 sata
1396 702 1473 801 hec
1493 698 1619 770 mutari
1634 698 1752 769 nullis
1774 776 1777 783 ,

544 832 574 866 „-
586 791 771 875 lachrymis
788 791 918 876 possint
958 787 1089 884 Cogita
1113 802 1244 871 quanto
1264 806 1329 873 ego
1352 789 1430 873 plus
1450 804 1487 853 iii
1506 800 1633 883 patruo
1659 802 1752 851 meo
1866 760 1871 851 ἶ

546 911 570 949 ‚‚
587 873 774 949 amiserim,
795 894 866 939 non
878 873 972 956 quod
987 873 1079 939 illius
1093 871 1206 939 casum
1217 872 1327 963 ‚velim
1340 890 1422 938 cuin
1435 866 1600 937 claiifflmi
1614 884 1754 953 paren·
1869 880 1871 945 J

546 1000 570 1030 „
588 961 630 1022 tis
647 956 753 1024 vestri
769 956 894 1023 Niiotoi
910 954 1064 1023 Euerardi·
1083 954 1232 1039 presidis
1245 953 1498 1023 Mechiinicnsis
1511 952 1640 1040 jestura
1657 968 1756 1019 con·
1784 1026 1786 1031 ¹
1869 976 1871 1015 i

548 1076 571 1114 ‚a
588 1042 699 1116 serre,
721 1040 779 1107 sed
792 1040 886 1123 quod
898 1057 955 1106 me
967 1040 1109 1127 inopem
1130 1040 1181 1106 rei
1198 1037 1235 1106 dr
1251 1036 1399 1116 consilii,
1419 1038 1455 1103 in
1474 1035 1590 1105 medio
1611 1034 1753 1103 studio-

465 1149 471 1167 ,
550 1166 574 1198 „
590 1143 669 1190 rum
682 1122 784 1189 cursu
799 1122 1006 1189 destituerit:
1030 1123 1111 1189 crim
1125 1140 1190 1189 vos
1199 1122 1271 1207 jain
1285 1135 1387 1189 metae
1398 1120 1566 1205 proximi,
1584 1116 1761 1211 locupie-v

552 1248 577 1282 „
594 1224 664 1275 teni
688 1206 870 1273 creveritis
887 1207 926 1271 in
942 1206 1200 1283 haereditatem,
1214 1219 1254 1273 iit
1270 1224 1313 1274 eo
1327 1221 1545 1289 quocumque
1564 1216 1759 1289 pervenire

548 1333 573 1365 „
593 1290 752 1365 tenditis,
771 1290 939 1356 viaticum
955 1290 1057 1355 vobio
1084 1290 1223 1371 largiter
1237 1288 1454 1375 suppeditare
1476 1286 1585 1372 possit,
1625 1284 1675 1351 Ea
1695 1282 1756 1351 est

551 1412 575 1449 ,,
593 1388 710 1467 autern
732 1373 779 1466 ini
798 1372 976 1469 Hadriane,
997 1390 1113 1469 rerum
1132 1374 1357 1467 siumanarum
1370 1372 1547 1448 conditio,
1565 1386 1668 1455 qimtn
1685 1384 1754 1435 ex·

552 1453 1800 1637 :tsiditsitissetdissensissent?tisis:,
1872 1520 1873 1529 ι

554 1658 581 1697 .,
596 1635 753 1707 petuum.
793 1622 970 1689 Debemus
985 1638 1090 1688 morti
1104 1640 1165 1687 nos
1184 1620 1374 1707 nostraque.
1417 1620 1656 1705 Quamobrem
1669 1635 1751 1701 quae
1802 1664 1806 1673 ·

553 1746 579 1783 „
597 1706 764 1773 accidunt
782 1703 916 1773 neccsse
937 1704 986 1771 cst
1010 1720 1050 1771 ut
1071 1704 1239 1783 seramus,
1260 1704 1507 1787 subsidiumque
1529 1702 1566 1773 dt
1588 1700 1751 1769 solatium
1808 1748 1813 1763 ,

555 1808 618 1863 „a
637 1788 822 1872 prodentia
846 1805 1063 1871 quaeramus,
1091 1787 1285 1871 amicosque
1312 1785 1348 1855 &
1373 1803 1542 1885 patronos
1559 1802 1752 1883 parentum

554 1912 581 1948 ,‚
598 1868 789 1939 amissorum
810 1874 892 1938 ioco
906 1870 1132 1955 surrogcmus.
1173 1872 1315 1939 illorum
1332 1888 1425 1937 emm
1448 1870 1507 1938 etfi
1522 1887 1633 1937 minus
1648 1884 1753 1962 natu·
1807 1924 1812 1937 .

555 1995 581 2033 ,,
599 1956 676 2021 ralis
689 1972 760 2021 non
779 1956 890 2021 minue
905 1968 1021 2020 tamen
1038 1954 1195 2022 solida&
1211 1954 1365 2040 jucunda
1376 1952 1425 2020 est
1443 1953 1614 2027 amicitia,
1634 1950 1658 2017 si
1675 1969 1754 2033 quis

558 2076 585 2113 ‚‚
599 2036 771 2107 delestum
799 2040 834 2103 iri
861 2037 1063 2120 recipiendo
1084 2038 1257 2106 adhibeat.
1341 2084 1351 2104 .
1372 2037 1504 2103 Patavii
1527 2037 1571 2103 X.
1602 2034 1755 2105 Calend,

557 2160 584 2197 ,‚
598 2122 749 2205 Januatii
764 2139 820 2189 an.
841 2120 963 2200 1532.’'
983 2120 1040 2185 Ex
1053 2136 1124 2188 tom.
1141 2138 1172 2188 ι.
1185 2138 1219 2217 p.
1235 2138 1290 2203 59.
1305 2118 1380 2205 Vsa.
1392 2118 1493 2188 Obiit
1506 2118 1663 2186 Murrius
1676 2119 1755 2185 Mii-

558 2212 622 2271 rius
637 2224 691 2273 an.
714 2208 807 2285 1568.
829 2204 1015 2271 tumulatus
1033 2202 1232 2271 Mechliniae
1247 2206 1282 2269 in
1294 2202 1370 2271 aede
1381 2203 1421 2271 B.
1433 2204 1562 2270 Mariae.
1768 2241 1770 2249 ·

558 2283 1758 2450 ssi³di¹3iiifi⁰sss3dsssd*sdtfissfflisii⁶iissi¹t¹²i¹¹d²ssss

559 2472 646 2539 pitia.
686 2454 730 2521 V.
754 2451 859 2548 Volet.
877 2450 980 2548 Andr.
1001 2460 1032 2519 in
1053 2414 1180 2519 bosori.
1201 2452 1284 2537 Besg.
1314 2452 1379 2519 obi.
1399 2455 1470 2539 ejus
1492 2452 1574 2519 lucu
1638 2453 1757 2519 tiones
1862 2460 1867 2466 “

560 2536 735 2632 recenset,
756 2534 795 2605 oc
815 2536 902 2683 dfert
917 2553 996 2602 euin
1016 2535 1125 2631 samso
1144 2532 1248 2682 ¹}ae
1270 2532 1581 2633 Philippensium
1605 2536 1759 2631 aconss·

559 2618 1330 2853 {ittiisdsatissatitsdiits
1354 2617 1761 2799 sedtitssddi

588 2788 676 2852 tatsis
692 2799 809 2852 vocat.
851 2784 921 2852 Sed
946 2786 1174 2851 conformiter
1193 2786 1237 2851 ad
1260 2787 1455 2871 catalogum
1480 2784 1761 2855 secretariorum

562 2870 600 2935 in
624 2868 726 2963 sappi,
746 2866 878 2933 animi
895 2884 965 2962 torri.
983 2886 1012 2963 ι..
1031 2884 1064 2963 p.
1085 2886 1157 2951 190.
1176 2868 1342 2937 dicendus
1363 2868 1444 2935 esset
1466 2868 1608 2936 Consilii
1628 2870 1762 2952 privati

562 2952 783 3028 secretarius,
802 2950 851 3016 ita
874 2968 968 3018 enim
993 2951 1082 3017 ibid:
1111 2952 1160 3017 N.
1181 2950 1337 3034 Nicosay,
1357 2950 1415 3037 fiat
1427 2950 1583 3037 secretoi're
1603 2952 1645 3017 dii
1666 2972 1762 3019 meme

564 3036 682 3101 concii
701 3034 796 3117 privs
820 3034 894 3102 son.
925 3052 1017 3127 154²·
1058 3033 1191 3101 Versim
1210 3036 1246 3099 in
1269 3050 1416 3117 utroque
1436 3034 1616 3113 Consilio,
1649 3051 1762 3120 proiit

561 3119 609 3185 ho
637 3117 771 3194 edum,
794 3115 967 3212 secretarii
986 3134 1131 3212 munere
1153 3114 1289 3213 functus
1303 3116 1419 3184 suerit.
1459 3118 1522 3185 Vir
1540 3117 1624 3208 fuit,
1648 3132 1690 3187 ut
1708 3120 1760 3217 est

561 3200 655 3357 tii
670 3198 1762 3377 iii,tironiienectinein‚tien

562 3366 861 3449 cansaprosestua.
882 3366 919 3431 ln
940 3365 1075 3432 libello:
1093 3364 1221 3431 Toison
1240 3366 1317 3432 d’or
1338 3382 1424 3435 torn.
1441 3386 1478 3434 1..
1485 3386 1521 3536 f
1540 3372 1612 3451 198.
1626 3368 1760 3439 dicitur

555 3450 709 3537 sttretoi’re
732 3450 772 3513 du
793 3448 910 3533 Consti!
927 3448 1044 3529 d'ssflat
1068 3449 1103 3517 tr
1124 3448 1252 3530 Adjiim
1267 3450 1309 3515 dit
1330 3448 1461 3531 Greffier
1507 3450 1550 3518 de
1568 3452 1699 3521 l’ordre
1713 3453 1761 3523 de

563 3536 596 3601 Ιι
618 3534 728 3600 toison
749 3532 845 3612 d’or)
865 3530 966 3596 Bsious
987 3550 1063 3597 ovet
1078 3530 1191 3617 future
1203 3530 1358 3615 sutceffion
1377 3552 1413 3597 eit
1440 3548 1532 3617 1540.
1553 3533 1661 3601 Porro
1685 3540 1761 3622 ejus

563 3618 679 3681 obitus
698 3616 745 3679 ibi
763 3614 921 3681 statuitur
942 3614 986 3679 ad
1001 3630 1056 3679 an.
1075 3631 1168 3695 1570.
1190 3616 1222 3680 ss
1244 3614 1288 3681 de
1307 3612 1448 3701 Regiuae
1469 3617 1608 3693 Morio,
1628 3620 1762 3703 pisina·

563 3702 672 3782 riique
687 3696 780 3763 istius
799 3698 946 3763 Senatus
958 3740 968 3771 ,
980 3714 1084 3777 quein
1098 3698 1147 3763 iili
1161 3697 1277 3764 Sintiis
1295 3698 1486 3775 vocabant,
1507 3700 1692 3781 mandato,
1714 3704 1761 3773 ad

565 3782 699 3864 Vigsi'uin
714 3779 843 3861 scripsit
857 3778 901 3846 de
915 3779 1116 3848 conditione
1137 3779 1307 3849 ianeioris
1331 3782 1490 3860 Consilii,
1512 3784 1556 3851 tid
1575 3802 1680 3868 quein
1695 3785 1761 3853 sta·

563 3866 624 3933 tim
640 3864 810 3945 rescripsit
825 3862 860 3927 in
875 3862 950 3927 haec
965 3862 1089 3929 verba:
1110 3903 1134 3936 „
1201 3883 1222 3929 o
1243 3868 1291 3929 mi
1304 3864 1451 3943 Nitriae,
1470 3868 1540 3950 jam
1554 3868 1692 3951 pridem
1706 3872 1759 3940 ita

560 3984 586 4022 ,‚
602 3948 754 4014 animum
768 3946 970 4013 induxeram
980 3962 1143 4031 peneque
1163 3964 1184 4012 o
1210 3946 1379 4015 firmanam
1397 3966 1535 4029 nieuni,
1557 3952 1651 4017 utin
1694 3972 1762 4021 rm-

561 4029 690 4125 „senti
713 4031 798 4098 vitae
820 4026 996 4125 instituto,
1016 4030 1131 4113 quoad
1149 4030 1291 4107 liceret,
1313 4032 1535 4116 persisterem.
1575 3971 1692 4119 Quod)
1706 4038 1762 4104 vi·

561 4152 587 4189 „
604 4114 731 4208 desinet
751 4130 832 4179 cuin
846 4127 1056 4195 optimarum
1072 4114 1196 4179 artium
1212 4111 1329 4181 studiis
1346 4116 1586 4200 conjunstum,
1607 4117 1646 4187 dc
1663 4132 1766 4187 tran·

560 4198 805 4278 ,inutilitatem
829 4195 1025 4271 summanr,
1061 4195 1099 4265 δι
1120 4196 1259 4265 mininie
1288 4199 1539 4281 aspernandum
1563 4200 1607 4268 ail
1628 4204 1784 4287 tuenda,

561 4279 793 4375 „aliquando
816 4278 998 4373 senectutis
1029 4280 1251 4375 incommoda
1283 4282 1482 4359 viaticum,
1521 4300 1567 4351 ne
1598 4286 1763 4369 quidde

559 4402 585 4441 .,
601 4379 756 4433 οιιιιιιιιιιι
773 4424 777 4432 ,
781 4361 1018 4449 iucundissimo
1045 4362 1186 4431 literatii
1212 4362 1275 4433 otii
1292 4362 1407 4437 frusto
1427 4367 1635 4437 minutiam
1658 4370 1764 4525 noffla
1790 4384 1795 4394 ·

572 4480 603 4520 ε.
1655 4490 1681 4531 ii
1744 4474 1763 4505 ⁴
