3934 5192
563 505 1650 632 24VITA'V1GLII
1772 522 1881 606 w

565 708 683 802 berga
700 702 763 781 fibi
784 703 957 800 prestita,
979 700 1255 800 peufiommque
1269 705 1346 800 ejur
1363 704 1505 779 nomine
1520 702 1618 779 dedit
1633 710 1775 783 treceni
1880 729 1881 754 ³

564 824 684 876 torum
710 800 947 889 florenorum,
971 797 1231 896 postulavitque
1257 819 1300 873 nt
1321 802 1456 878 interea
1483 799 1568 874 dum
1588 801 1627 874 iu
1646 799 1774 895 Belgi:

563 918 702 993 ageret,
727 918 861 971 manere
880 898 917 969 in
931 894 1044 970 Curia
1064 918 1136 969 non
1156 909 1382 992 gravaretur,
1404 898 1612 993 promittent
1627 918 1670 971 ut
1685 920 1773 973 cum

565 994 741 1088 stipendio
763 994 879 1088 magui
899 992 1074 1077 Concilii,
1100 994 1218 1067 smmi
1236 1016 1286 1087 qu
1334 1016 1379 1069 ue
1400 996 1531 1067 interea
1547 995 1771 1091 perciperet,

558 1086 1102 1259 ⁴aamimam
1117 1086 1255 1259 {nn
1269 1088 1659 1283 mmm
1684 1208 1772 1282 ,,

568 1282 607 1356 se
638 1280 820 1367 affectum,
844 1279 1021 1353 constituit
1043 1282 1087 1354 ad
1110 1283 1370 1357 matrimonium
1395 1283 1549 1355 animum
1576 1284 1770 1379 applicare.

568 1378 690 1473 ltaque
715 1395 926 1471 procurante
958 1377 1031 1449 Duo
1056 1376 1284 1462 Grannum,
1314 1380 1383 1453 viri
1406 1400 1488 1453 eum
1514 1378 1609 1451 rimir
1633 1376 1771 1455 honesti

568 1498 609 1585 ac
630 1475 750 1547 divitis
768 1474 855 1583 lutri
868 1472 1014 1580 Domum
1033 1470 1379 1585 filiamJacqutlinonr
1394 1478 1471 1585 (ι).
1498 1475 1592 1555 uxit.
1614 1474 1771 1549 celebra-
1872 1576 1876 1583 .

566 1564 993 1772 {eltrulllilllt
1006 1567 1769 1773 ”nluzgmrliluelzi‘deiffl

567 1764 795 1837 Germaniam
817 1759 957 1853 Spuram
985 1761 1078 1831 abur.
1129 1758 1203 1833 Ubi
1216 1779 1351 1854 patrem
1375 1763 1448 1859 eJ'us
1473 1762 1687 1851 Fulcurdtn,
1710 1766 1768 1858 ip·

566 1858 708 1951 sumque
725 1858 864 1949 ngum
885 1855 1042 1950 plurimis
1057 1857 1197 1930 ornavit
1213 1858 1427 1952 privilegiis,
1451 1856 1704 1954 conceditque,
1728 1880 1768 1933 ut

570 1952 760 2049 siquando
786 1954 825 2025 in
850 1948 959 2023 Frifia
984 1953 1097 2044 patria
1124 1953 1252 2027 morari
1275 1954 1404 2041 vellet,
1437 1955 1543 2050 primi
1571 1952 1768 2029 Confiliarii

565 2050 646 2145 post
662 2044 846 2123 Praefidem
864 2046 904 2123 ‚in
918 2045 1035 2122 senatu
1056 2044 1387 2140 Frifiaediguitatem
1400 2050 1587 2125 obtineret.
1625 2050 1767 2139 Eodem

564 2169 640 2239 quo
666 2168 726 2252 ue·
742 2141 1066 2251 temporeroggus
1088 2140 1287 2252 Episcopur
1314 2146 1387 2236 (a)
1415 2141 1586 2239 Tropr'enfir
1614 2168 1656 2223 ac
1678 2144 1768 2223 sedis

569 2244 651 2351 Apo
705 2242 780 2315 hcae
799 2237 961 2311 Nunnius
985 2241 1056 2330 (3)
1080 2235 1290 2311 Puaunatos
1305 2238 1512 2337 Diplomrte
1529 2237 1642 2337 ipsum
1662 2244 1768 2318 deco·

398 2355 417 2391 a
448 2372 464 2411 u
568 2358 671 2415 ravat.
701 2333 837 2415 ,caesar
863 2353 976 2409 autem
1002 2336 1150 2410 eundem
1171 2335 1209 2407 in
1228 2326 1421 2409 Consilium
1441 2338 1622 2433 imperiale
1636 2342 1684 2427 Ρ,
1709 2343 1767 2415 cui

420 2451 437 2527 ξι
463 2451 494 2490 ac
525 2463 535 2475 ·
566 2454 641 2505 tum
657 2436 694 2507 in
714 2431 872 2521 Comitiis
891 2426 1097 2525 praelidebat
1113 2428 1244 2502 Comen
1263 2431 1439 2507 Palatinus
1455 2455 1497 2507 ac
1512 2430 1671 2508 Bavariae
1693 2438 1764 2525 (4)

372 2526 435 2631 ,Ἴ
449 2590 473 2637 r.
568 2530 655 2605 Dux
682 2528 877 2610 liidericur,
909 2526 1094 2619 multisque
1114 2524 1283 2620 gravibua
1308 2531 1457 2622 negotiis
1483 2526 1668 2603 audiendis
1692 2534 1767 2628 ejus

417 2634 434 2686 ι’
462 2606 515 2723 “f'‘
569 2626 679 2721 opera
704 2620 783 2697 usur
806 2617 881 2696 fuit
932 2616 1027 2692 Nam
1050 2622 1087 2695 δι
1114 2642 1239 2715 pacem
1267 2622 1428 2697 Doricam
1457 2628 1530 2715 (5)
1554 2647 1635 2699 cum
1657 2624 1767 2722 Regia

568 2719 752 2817 christierni
774 2716 916 2811 Lagaris
932 2716 976 2789 ad
993 2734 1155 2811 optatum
1170 2714 1275 2793 finem
1291 2718 1461 2807 deduxit,
1483 2722 1521 2797 &
1535 2718 1637 2817 super
1649 2726 1767 2797 multis

570 2810 811 2889 controverfiir
828 2812 910 2885 cium
927 2810 1031 2885 Duce
1055 2815 1128 2902 (ό)
1149 2810 1286 2907 Cliurnst
1301 2816 1524 2891 concordiam
1541 2818 1665 2901 inivit,
1730 2843 1767 2892 a·

452 2928 456 2940 “
570 2912 805 3005 ultimumque
823 2906 991 2981 diluuium
1006 2926 1047 2981 ac
1056 2909 1175 2992 litem,
1198 2930 1303 3003 quarn
1316 2909 1554 3007 Trajodlenscr
1569 2913 1615 2985 ad
1630 2912 1673 2985 M
1709 2936 1765 2990 arn

476 3034 481 3041 ·
569 3008 606 3079 in
632 3007 768 3101 Judicio
792 3002 948 3077 Camere
974 3000 1167 3099 Imperialir
1190 3027 1272 3081 eum
1296 3008 1482 3085 heredibus
1507 3007 1651 3104 Dionffli
1668 3010 1766 3085 Frons

570 3102 763 3199 agitabant,
787 3122 865 3173 com
915 3096 992 3171 suit.

619 3197 746 3273 XLIX.
771 3198 826 3271 Ac
887 3193 989 3269 usare
1007 3194 1134 3270 deinde
1152 3196 1189 3269 in
1208 3194 1359 3273 Gallim
1381 3220 1464 3273 curn
1490 3204 1646 3279 exercitu
1660 3198 1769 3297 profi·

571 3294 741 3385 ciscente,
765 3291 836 3387 ipse
855 3292 1004 3379 lirrmuut
1018 3317 1041 3365 a
1055 3290 1311 3386 Maiestatesua
1329 3294 1446 3369 nullus
1464 3294 1554 3384 fuit,
1578 3319 1619 3371 ut
1633 3300 1682 3371 ibi
1697 3300 1768 3373 Da·

572 3398 645 3465 nico
660 3390 734 3465 Pax
753 3387 890 3465 finalem
910 3384 1168 3463 conclusionem
1187 3389 1385 3485 acciperet,
1404 3390 1615 3486 juramentis
1629 3395 1769 3469 uehinc

574 3486 656 3560 iude
671 3486 873 3561 firmaretur.
925 3482 1043 3577 Quam
1061 3480 1315 3579 profectionem
1330 3488 1412 3561 ideo
1427 3413 1768 3585 lubentiuriusoepit,

521 3638 526 3644 -
574 3584 675 3676 quod
693 3580 767 3679 ipso
792 3583 891 3674 Spina
912 3600 1037 3674 agente
1055 3581 1290 3667 intellexerat,
1314 3601 1451 3678 patrem
1471 3582 1570 3657 suum
1585 3583 1768 3657 Fulcardum
1820 3631 1823 3642 ·

579 3676 600 3751 ὲ
617 3680 706 3751 vivir
729 3672 917 3765 exceffiffe,
941 3698 1050 3770 eaque
1065 3676 1111 3747 de
1123 3674 1225 3751 causa
1242 3674 1388 3754 fratrum
1403 3676 1632 3775 sornmmque
1648 3684 1769 3756 litteris

574 3772 833 3856 sollicitaretur,
858 3788 897 3841 ut
914 3771 957 3845 eo
978 3772 1099 3845 venire
1116 3774 1240 3857 vellet,
1263 3792 1411 3869 qumque
1424 3772 1528 3870 super
1547 3772 1678 3851 familia
1693 3778 1771 3851 her·

573 3868 736 3944 ciicunda
752 3862 934 3941 neceffaria
947 3887 1064 3951 erant,
1087 3866 1157 3939 uni
1173 3866 1386 3963 nanfigeret
1415 3868 1536 3946 Rebus
1551 3890 1666 3945 auoem
1676 3871 1770 3969 apud

579 3968 725 4042 Brennum
744 3963 891 4039 feliciter
909 3961 1096 4045 confertis,
1120 3985 1163 4037 ac
1185 3966 1333 4059 negotiis
1356 3988 1439 4039 cum
1465 3962 1629 4041 fratribus
1645 3969 1772 4043 sorori-

577 4062 712 4158 busque
734 4056 958 4136 cnncorditer
981 4062 1019 4133 in
1044 4055 1147 4152 Frisra
1175 4060 1344 4153 pennu,
1367 4063 1406 4135 in
1427 4063 1539 4136 reditu
1555 4064 1593 4137 in
1612 4062 1770 4162 Scyathl·

573 4180 658 4231 eam
689 4156 830 4241 incidit,
853 4176 1037 4252 quaecum
1066 4157 1160 4251 apud
1186 4154 1363 4253 Trajmun
1388 4158 1521 4251 aliquot
1544 4158 1770 4237 hebdomadis

580 4253 676 4355 leun
695 4254 959 4329 decumbentem
984 4252 1151 4343 detinuit,
1175 4272 1247 4327 nou
1270 4249 1341 4330 fine
1355 4254 1502 4351 publico
1524 4256 1768 4348 incommodo.

1724 4356 1773 4431 ob
