3934 5192
390 544 470 616 an
515 516 794 615 AYTTA
835 518 1275 620 ZUICHEMI.
1385 535 1450 625 ι8ι

248 756 252 763 -
392 728 452 783 ac
475 726 703 783 annuam
731 728 947 781 rutnans
977 732 1285 795 annonasque

350 806 355 811 '
712 812 999 875 Quntnrtcrnr

508 896 1161 959 nunnnerrnnsaonannnuu,

619 980 797 1031 musar
826 984 1068 1034 nosunnu.

232 1044 486 1155 Monuuua
522 1062 609 1115 nnn
661 1048 1202 1197 *tenezehg'tpiixxxvss'
1243 1066 1335 1117 nan
1373 1050 1449 1119 xi.

229 1212 290 1284 Ex
312 1212 421 1283 codice
436 1211 564 1299 collegii
577 1210 715 1297 ngiani
731 1214 870 1282 Lobana·
884 1230 985 1281 notan
1001 1234 1033 1283 n.
1053 1210 1097 1284 V.
1107 1231 1141 1302 p.
1155 1219 1209 1298 64

249 1364 345 1469 ’(ι)
375 1333 599 1467 Ioannes
626 1379 988 1466 pinorum]
1021 1380 1134 1451 Etiam
1159 1380 1218 1449 hic
1243 1380 1367 1449 vitium
1394 1381 1444 1451 eli

227 1466 375 1537 librarii.
416 1463 644 1533 scribendum
660 1462 728 1531 fuit
747 1465 968 1549 Parmgarmrr.
993 1466 1133 1543 Homo,
1151 1465 1262 1549 inquit
1279 1464 1444 1550 Erasmus,

94 1574 97 1611 ;
227 1546 410 1645 amplillirni
429 1547 533 1622 dives,
553 1566 656 1630 quem
673 1546 743 1633 ipse
790 1566 904 1631 troque
924 1548 1120 1633 ampliffime
1139 1548 1305 1615 laudavit.
1327 1587 1352 1621 .‚
1369 1548 1443 1617 Ge·

227 1673 256 1711 ,‚
274 1650 370 1700 neris
390 1637 490 1715 inquit
512 1629 710 1714 pervetusta
734 1650 780 1697 no
806 1632 905 1699 ilitas.
945 1632 1087 1699 Exstant
1104 1631 1197 1699 enim
1215 1630 1442 1703 iustrumenta

94 1762 95 1791 2
227 1756 258 1794 „
275 1716 434 1785 testantia
452 1713 614 1780 familiam
630 1714 723 1779 illam
740 1716 830 1785 inter
850 1716 959 1783 claras
981 1716 1132 1781 habitam
1155 1728 1236 1781 ante
1259 1717 1368 1783 multa
1388 1714 1441 1783 ie-

93 1831 94 1835 *
228 1838 257 1878 „
273 1800 365 1869 cula.
391 1797 519 1881 Origo
535 1798 652 1881 gentis
674 1796 741 1865 init
760 1817 781 1865 e
799 1796 962 1865 Framonia
979 1796 1129 1867 Orientali
1143 1796 1363 1865 vetustiiiima
1376 1817 1442 1866 no-

93 1914 94 1917 *
230 1923 258 1959 „
272 1883 396 1951 bilium
419 1880 575 1946 virorum
623 1894 760 1958 arente,
781 1880 875 1948 unde
899 1884 959 1965 qui
976 1897 1071 1947 nunc
1095 1900 1116 1947 a
1140 1880 1188 1946 nd
1207 1879 1314 1949 Gallos
1333 1879 1441 1949 Franci

231 2008 258 2043 ‚i
275 1967 460 2039 dicuntur,
478 1962 579 2047 prole
613 1965 625 2029 i
645 1962 734 2032 sunt.
775 1962 826 2031 lbi
840 1964 954 2033 sedem
979 1966 1064 2033 olim
1148 1981 1275 2032 uerunt
1294 1967 1440 2050 majores

228 2091 256 2129 ‚‚
272 2051 386 2135 hujus.
427 2046 484 2113 Est
506 2047 695 2115 etiamnum
719 2050 756 2113 in
783 2066 824 2117 ea
847 2050 988 2133 regione
1010 2046 1280 2125 monasterium,
1312 2051 1438 2116 borum

92 2128 93 2213 Ῑ
232 2131 490 2219 „benignitate
516 2144 591 2197 tum
616 2144 776 2197 ornatum
801 2131 1003 2216 magnifice,
1022 2146 1096 2199 tum
1116 2130 1319 2215 amplillimis
1339 2132 1440 2199 dota·

230 2257 259 2297 ‚‚
276 2232 349 2283 mm
369 2213 546 2283 censibus.
561 2214 727 2283 ...Pater
745 2216 844 2299 huius
858 2264 866 2283 .
881 2263 889 2282 .
904 2264 932 2285 ..
953 2215 989 2281 in
1004 2214 1224 2281 summatum
1241 2214 1349 2299 gratia
1362 2230 1437 2283 tum

91 2328 93 2347 =
229 2340 256 2379 „
273 2298 477 2367 austoritate
511 2296 578 2363 luit
606 2298 698 2381 apud
722 2298 899 2381 supremos
927 2298 1023 2367 orbis
1046 2298 1252 2365 Monarchas
1279 2298 1435 2384 Morbium

91 2388 93 2439 ἱ
229 2424 256 2461 ,,
273 2382 444 2466 Hengariae
460 2380 589 2465 Regem
607 2380 731 2447 exemit
755 2381 871 2449 'udicii
885 2381 1018 2458 virum,
1039 2380 1225 2446 Fredericum
1245 2380 1437 2464 Imperato-

228 2508 255 2543 „
273 2484 371 2543 rem,
411 2480 515 2549 quem
539 2463 723 2531 nominalie
760 2463 899 2533 atiscli
926 2464 1095 2541 laudalie,
1136 2463 1174 2532 dt
1200 2460 1301 2550 hujus
1326 2464 1435 2533 lilium

91 2566 92 2572 ’
228 2590 254 2627 ii
271 2550 525 2617 Maximiiiamrm
546 2594 712 2617 ......
731 2546 866 2631 Joamies
880 2546 1130 2633 Poangarmerus
1145 2565 1241 2615 arceo
1258 2546 1342 2614 duas
1356 2549 1435 2633 poi-

226 2674 253 2711 „
269 2633 375 2710 ssdet,
394 2632 537 2699 alteram
557 2645 792 2716 cognomento
809 2632 1002 2715 Paungnrtm
1020 2649 1123 2715 quam
1142 2630 1357 2714 superiorum
1379 2632 1442 2700 in·-

226 2756 252 2793 ,‚
269 2716 375 2785 curie
396 2714 587 2799 neglellam
613 2715 796 2863 ιιιιὲιιίῐιεε
824 2715 978 2795 reiicit,.
1004 2729 1217 2798 exornatque
1243 2713 1441 2803 llrut‘iuris.¹

225 2801 392 2876 „Altera
418 2811 654 2883 cognomento
695 2798 819 2875 munti,
841 2798 1004 2866 haetenus
1024 2812 1191 2881 corrupte
1212 2798 1322 2883 vulgo
1341 2800 1444 2873 dida,

223 2922 250 2961 ,‚
265 2882 403 2960 Erborb,
425 2880 485 2947 lita
503 2882 552 2949 eli
567 2880 610 2949 ad
629 2880 806 2949 Danubium
820 2882 925 2967 paulo
941 2880 1043 2966 snpra
1057 2880 1203 2956 Uinium,
1224 2881 1305 2949 loco
1322 2881 1443 2951 amoe·'

223 3007 250 3042 ,‚
266 2964 418 3043 nisime,
438 2965 571 3033 ditione
590 2964 667 3033 satis
687 2964 822 3047 ampla,
844 2965 902 3031 cui
918 2984 941 3031 o
966 2965 1085 3049 pidum
1101 2963 1253 3049 subjacet
1275 2964 1431 3051 ejusdem

223 3090 250 3128 ,‚
267 3048 446 3127 nominis„
470 3048 567 3115 Felix
588 3049 647 3115 ille
669 3048 821 3130 populus
844 3049 905 3116 tali
962 3048 1110 3125 omino,
1147 3048 1246 3131 cujus
1269 3048 1441 3137 auspiciis,

222 3174 249 3211 ,‚
266 3134 384 3201 omnia
406 3131 598 3199 redduntur
625 3130 801 3197 floridiora
821 3180 958 3201 .....
969 3182 990 3211 ,.
1011 3182 1020 3199 .
1041 3130 1139 3197 Felix
1160 3130 1346 3199 Germania
1366 3134 1428 3200 tali

224 3259 250 3297 ‚,
266 3220 387 3285 herde.
429 3214 526 3281 Felix
542 3232 607 3301 ego
626 3214 685 3281 tali
708 3214 821 3281 amico
837 3216 896 3298 qni
912 3232 994 3281 curn
1014 3216 1099 3281 mihi
1112 3212 1188 3279 sunt
1199 3215 1428 3299 omniacom·

223 3342 249 3381 „
265 3300 394 3367 munia.
435 3298 516 3395 Hoc
537 3300 592 3383 jus
622 3316 693 3363 non
716 3294 826 3393 exstat
851 3298 992 3393 quidem
1014 3298 1050 3363 in
1072 3292 1247 3366 Caesarum
1267 3295 1426 3382 legibue,

221 3378 1099 3549 :1iii?iiiiii”ist‘iiiiniiiiiiiiiin
1116 3382 1425 3535 delibili

219 3556 313 3623 inter
332 3552 457 3627 multa,
476 3484 571 3634 {pili
590 3546 786 3615 MCCLXI.
802 3550 855 3615 rol.
881 3553 973 3632 1481.
995 3539 1031 3617 ii
1039 3544 1125 3633 seqq.
1145 3545 1228 3630 Hoc
1251 3543 1349 3614 volui
1364 3550 1423 3619 hic

216 3632 412 3722 expreisum
432 3634 483 3700 uti
503 3630 670 3699 rariffimae
690 3632 850 3721 amicitiae
871 3632 1082 3716 exemplum.
1123 3630 1212 3719 Quis
1235 3632 1327 3697 enim
1353 3632 1422 3713 est,

217 3738 258 3790 ιιι
274 3721 324 3787 ait
346 3734 558 3793 non-nemo,
576 3716 635 3799 qni
650 3716 835 3798 pecuniam
850 3714 943 3781 suem
963 3733 1045 3782 cum
1061 3715 1173 3781 altero
1188 3715 1345 3782 dividere
1360 3722 1434 3784 vei

216 3806 286 3876 lit?
325 3802 439 3867 Etiam
465 3796 586 3883 Vigilat
608 3797 742 3883 Joonnis
767 3796 991 3881 Pnungatmeri
1012 3797 1279 3865 munificentiam
1306 3798 1422 3880 sensit,

214 3907 299 3957 cnm
320 3882 506 3966 Biturigibus
531 3882 639 3951 filium
661 3882 855 3949 auditorem
878 3882 1030 3957 babens,
1051 3882 1198 3949 donatus
1215 3881 1283 3947 iuit
1301 3882 1422 3965 Spbae-

213 3976 290 4041 rico
314 3968 445 4035 annulo
466 3969 525 4051 qui
541 3964 578 4039 dc
599 3965 871 4049 anropretioiua
887 3964 923 4035 δι
939 3965 1086 4031 artificio
1102 3982 1177 4032 erat
1192 3964 1418 4047 admirabilis,

214 4058 269 4123 uti
285 4051 432 4136 testatur
451 4051 487 4115 in
502 4062 585 4115 inmo
598 4050 714 4133 apag.
750 4065 783 4131 7.
804 4046 880 4133 Vsa.
900 4048 1032 4115 Habuit
1051 4046 1142 4114 filine
1151 4065 1309 4133 quatuor.
1325 4050 1423 4131 Geor·

212 4148 282 4223 gius
301 4132 454 4205 iecemdo
474 4135 611 4220 genitus
627 4132 685 4228 snb
709 4070 805 4216 ifligiri
826 4132 1005 4227 disciplina
1026 4130 1157 4211 Rarauii
1178 4130 1421 4217 Jurilpruden-

215 4224 266 4291 tia
288 4218 425 4306 egregie
447 4219 606 4285 excultus
622 4216 709 4293 fuit,
729 4214 858 4300 dequo
875 4214 1023 4299 scripit,
1043 4214 1192 4280 liberalius
1205 4216 1359 4283 editiotem
1373 4225 1423 4284 in·

249 4310 419 4373 nitemuix.
440 4300 527 4372 aliud
543 4298 577 4369 le
599 4298 775 4383 repenle:
805 4296 861 4365 Ex
878 4316 954 4379 tomo
971 4318 991 4365 n
1005 4316 1096 4453 qpag.
1118 4316 1191 4383 142.
1211 4298 1287 4396 Vsa.
1330 4300 1420 4369 Haec

1038 4383 1162 4471 riginta
1186 4384 1326 4467 circiter
1342 4382 1420 4466 post

239 4389 357 4478 restitus
384 4384 421 4457 &
444 4382 567 4509 Vigliur
586 4384 685 4489 annis
707 4399 801 4467 1532.
824 4349 1003 4537 &Luggs
1311 4482 1420 4537 annos

222 4531 230 4565 2
318 4558 324 4569 .
387 4544 398 4554 ·

248 4570 257 4583 ι
