3934 5192
535 533 586 601 12
700 412 1627 607 1111111111

540 703 710 775 Bononiam
728 692 929 779 excurrisset
943 694 1007 771 sub
1025 697 1063 771 id
1078 714 1235 791 tempus,
1261 711 1334 795 quo
1348 694 1465 771 cesar
1489 696 1533 770 ab
1550 698 1753 794 expeditio·

538 819 583 871 ne
600 788 753 871 Turcica
781 795 917 869 rediens
934 795 1034 889 apud,
1061 792 1257 867 Bononiam
1280 792 1357 891 (ι)
1381 793 1427 867 ad
1449 784 1657 869 antificem
1676 796 1754 872 Clo·

539 908 670 967 mentem
697 890 912 965 salutandum
935 888 1101 975 venisset,
1134 891 1196 964 nbi
1218 888 1257 964 δι
1279 888 1481 965 numerosus
1500 890 1753 967 Cardinalium

538 1010 805 1083 ceterorumque
823 988 928 1060 stolio
951 986 1152 1083 Principum
1177 1006 1371 1060 conuentus
1393 986 1653 1073 celebrabatur,
1687 989 1756 1063 Vr·

539 1086 645 1179 gsiut,
669 1084 770 1180 cujus
785 1106 913 1155 nomen
929 1084 997 1176 jam
1013 1083 1191 1155 nonnullis
1207 1080 1422 1157 innotescere
1437 1082 1545 1177 coepit
1553 1135 1566 1169 ,
1589 1082 1634 1158 ab
1647 1104 1754 1181 mag·

541 1181 595 1253 nis
614 1180 698 1253 viris
716 1182 752 1251 in
771 1182 847 1253 aulo
868 1176 1043 1275 imperiali
1058 1178 1261 1253 sollicitatus
1278 1177 1364 1264 suit,
1384 1198 1424 1250 nt
1438 1178 1613 1272 Philippum
1629 1180 1751 1256 Cesa-

539 1274 587 1349 ris
605 1275 706 1347 Coreli
733 1274 842 1348 filium
870 1275 1116 1349 instituendum
1140 1272 1348 1371 susciperet3
1372 1274 1416 1347 nd
1436 1275 1535 1370 quod
1552 1274 1648 1372 ipsos
1663 1282 1747 1350 mo'·

539 1369 667 1453 vebat,
717 1373 788 1445 uod
816 1371 1001 1445 multarum
1025 1370 1220 1467 linguarum
1254 1369 1381 1465 peritii
1415 1370 1604 1463 pollebat,
1636 1394 1679 1446 ac
1705 1374 1747 1446 itt

542 1463 680 1541 Grecis
739 1465 905 1561 trinisque
923 1468 1050 1540 litteris
1068 1491 1089 1539 a
1115 1468 1227 1561 prime
1243 1462 1367 1537 doetus
1387 1466 1596 1551 haberetur,
1613 1466 1746 1541 sermo·

418 1582 419 1596 ¹
540 1584 734 1657 qnepurus
758 1586 823 1637 nec
847 1560 1025 1636 affectatus
1102 1584 1148 1636 et.
1198 1560 1258 1633 Ad
1272 1563 1366 1647 haec,
1390 1560 1488 1657 quod
1509 1559 1666 1637 subditur
1681 1588 1748 1638 na-

287 3638 289 3645 4
419 3624 420 3627 ,
540 3570 738 3644 ·XXV1.

453 1706 455 1711 .
538 1661 659 1731 ruralis
688 1658 881 1754 Majestatis
903 1658 971 1731 suae
996 1677 1094 1744 etat,
1118 1680 1160 1731 ac
1187 1658 1260 1754 ejus
1278 1679 1411 1752 nepos,
1437 1659 1534 1752 cnjus
1549 1661 1666 1734 Cesar
1681 1662 1747 1735 ali-

537 1754 680 1921 ?uando
703 1757 741 1826 in
761 1753 1014 1851 Legationibuo
1038 1752 1398 1847 administrationeque
1418 1776 1553 1844 rernm,
1576 1756 1688 1851 operi
1704 1782 1749 1831 u-

513 1934 516 1941 ,
553 1872 611 1922 um
632 1848 750 1935 fuisse,
776 1851 1011 1923 meminerant.
1061 1848 1196 1923 verbm
1213 1872 1328 1923 rerum
1346 1848 1462 1923 adhuc
1478 1849 1685 1945 imperitus,
1701 1850 1744 1929 &

539 1948 688 2019 naturali
702 1946 918 2021 verecundis
936 1944 1127 2042 praeditus,
1148 1947 1316 2018 minorem
1331 1964 1468 2019 aetatem
1485 1947 1599 2024 adhuc
1614 1970 1721 2043 agens
1729 2000 1743 2037 ,
1821 2019 1824 2023 Α

537 2044 688 2115 animum
713 2044 758 2116 eo
780 2044 955 2137 applicare
978 2064 1051 2115 non
1076 2038 1146 2113 suit
1172 2040 1285 2114 ausus.
1335 2040 1481 2115 Terruit
1499 2064 1580 2118 enm
1597 2062 1745 2141 qnoque

537 2138 652 2211 aulica
681 2140 785 2225 vita,
817 2136 861 2210 ad
896 2130 1001 2233 quani
1026 2136 1061 2209 se
1087 2158 1301 2234 componere
1334 2139 1434 2211 nullo
1463 2136 1571 2233 pasto
1600 2142 1743 2234 potuit,

536 2230 759 2330 sumptusque
780 2232 964 2307 verebatur
989 2233 1170 2329 principio
1186 2232 1375 2318 serendos,
1399 2232 1546 2329 majores
1568 2234 1672 2329 quim
1689 2238 1745 2331 ip-
1828 2266 1832 2280 ¹

538 2326 606 2402 nus
632 2351 707 2403 turn
730 2330 880 2403 tenuitas
904 2325 998 2402 serre
1066 2325 1199 2403 milret·
1237 2326 1386 2424 Ipseque
1401 2327 1482 2402 Rn't
1501 2328 1665 2424 Philippus
1682 2334 1745 2405 ali·

537 2427 679 2520 quando
702 2424 740 2498 id
762 2426 979 2519 intelligent,
1030 2426 1136 2515 oluit,
1161 2422 1224 2499 stbi
1248 2443 1324 2498 eam
1337 2420 1552 2498 occasionem
1570 2448 1643 2501 non
1657 2449 1745 2499 con⁴

536 2517 669 2687 tigillg,
694 2517 809 2689 quis
829 2540 940 2595 eratne
960 2540 1033 2595 non
1047 2522 1156 2619 paulo
1174 2519 1210 2595 se
1224 2523 1346 2597 melius
1364 2520 1470 2617 quim
1490 2518 1623 2607 suerat,
1646 2520 1744 2597 insti·

536 2636 623 2690 tuen
648 2638 707 2689 um
741 2640 762 2691 u
805 2638 837 2690 e.

586 2710 718 2786 XXV.
744 2710 836 2787 Cum
851 2731 967 2785 autem
987 2711 1078 2787 idem
1095 2730 1172 2785 tum
1189 2710 1233 2786 ab
1258 2708 1393 2785 Caesare
1417 2706 1516 2785 Dnci
1533 2710 1743 2786 Veneriorum
1834 2758 1844 2781 .

538 2808 774 2881 commendari
787 2802 1037 2905 petiisset,quo
1057 2808 1303 2892 Bibliothecae,
1320 2828 1424 2902 quam
1441 2804 1603 2904 Brfforio(
1627 2807 1745 2906 )Car·

539 2904 663 2976 dinalis
692 2906 766 2977 illic
792 2906 932 2999 reliquit
955 2902 1047 3000 (2),
1073 2902 1297 2999 inspiciendae
1314 2902 1461 2977 facultas
1479 2905 1645 2994 daretur,
1669 2928 1746 2978 non

539 2996 725 3072 difficulter
755 3000 792 3073 id
828 2998 1007 3083 obtinuit,
1050 3001 1237 3097 adjuvante
1267 2996 1425 3072 Doiiore
1465 2999 1613 3071 Motella
1656 3001 1749 3073 Held

539 3093 614 3195 (3)
641 3092 832 3189 Majestatis
848 3092 917 3169 suae
933 3093 1295 3181 Vico-Cancellario,
1318 3095 1380 3166 ubi
1401 3094 1544 3168 Graecos
1562 3095 1744 3187 Institutio·

537 3210 594 3262 nes
619 3186 798 3283 Justinr'oni
827 3188 1029 3285 comperit,
1061 3214 1209 3287 quarum
1230 3188 1533 3267 describendarum
1565 3191 1742 3285 potestate

465 3374 470 3383 ¹
537 3282 717 3369 11111111,
742 3286 879 3361 curavit
898 3288 935 3359 in
958 3284 1098 3361 officina
1122 3287 1316 3360 frobeniana
1341 3283 1472 3375 Bofileoe
1490 3307 1548 3359 eas
1564 3286 1744 3381 imprimi,

537 3402 579 3455 nc
599 3380 705 3453 Carolo
719 3380 848 3456 Caesari
867 3404 957 3476 opus
972 3382 1064 3471 boc,
1079 3379 1235 3456 studiosis
1250 3382 1411 3455 omnibus
1434 3378 1639 3477 plausibile,
1664 3405 1746 3478 gra·

536 3477 696 3549 titudinis
720 3500 806 3645 εῐῗὲ)
826 3476 1011 3587 dedicavit

536 3664 658 3777 decem
683 3568 1745 3777 Tituleipssstsiessssssmcfssosvssesscsnmusssusr'vitiss:

534 3762 624 3847 suot,
658 3782 697 3835 nt
719 3764 755 3834 in
779 3762 990 3859 praelegendt
1009 3782 1154 3835 munere
1178 3761 1434 3859 perseveraret,
1464 3764 1677 3858 quidamque
1708 3765 1744 3839 ei

535 3858 630 3953 spem
646 3854 821 3931 faciebant
836 3858 1037 3932 obtinendae
1086 3859 1232 3929 nmariae
1257 3858 1495 3953 Institutionum
1522 3857 1700 3932 [eslionis
1717 3882 1741 3931 a

535 3952 775 4027 Provisoribuo
803 3950 1026 4051 Reipublicae
1097 3974 1219 4026 enetae.
1259 3950 1336 4049 lpse
1365 3956 1602 4047 Molmignotur
1630 3952 1741 4051 ipsus

304 4030 306 4038 '
383 4056 388 4065 '
537 4048 702 4143 Collega,
729 4048 786 4133 δι,
810 4072 851 4124 ut
876 4069 1030 4135 vocam,
1063 4071 1296 4134 concurrens,
1328 4052 1439 4147 ipsum
1462 4048 1638 4123 sollicitari
1656 4052 1740 4123 hor·

469 4160 471 4163 ·
536 4148 670 4240 torique
694 4148 738 4218 ad
763 4146 801 4220 id
818 4144 1093 4243 procuravit,s
1131 4166 1211 4220 rans
1231 4144 1266 4218 se
1280 4145 1326 4221 cd
1344 4149 1507 4243 majorem
1533 4142 1744 4219 [cilionem

534 4240 672 4323 facilius
697 4247 901 4343 promoveri
925 4240 1040 4351 posse,
1090 4264 1103 4318 t
1128 4242 1276 4326 idoneus
1300 4244 1512 4342 reperiretur
1531 4241 1595 4339 qui
1619 4236 1744 4411 fissis?

1613 4358 1641 4436 p
1727 4374 1746 4391 .
