3934 5192
355 493 427 596 nn
461 433 745 639 Aruns
787 494 1239 601 zulemam
1345 537 1421 629 141

210 736 241 777 ,‚
258 696 308 765 de
327 684 424 763 nova
441 693 537 763 omni
555 710 601 760 ex
617 706 720 780 parte
737 706 879 763 cautum
898 696 985 763 mihi
1003 694 1069 765 effe
1094 696 1294 785 intelligam.
1336 696 1427 771 cum

211 822 242 861 ‚‚
258 781 370 866 igitur
390 776 503 845 rursus
519 776 636 846 literas
658 779 695 843 in
717 776 918 847 inferiorem
941 780 1161 851 Germaniam
1184 782 1284 852 dandi
1312 784 1427 853 oblata
1515 794 1521 818 ‘

213 906 244 941 „
261 862 348 933 eli'et
373 860 635 947 opportunitas,
656 860 749 929 idem
768 865 887 947 paucis
911 862 1028 931 denuo
1050 864 1202 933 indicare
1225 864 1287 933 tibi
1311 868 1425 943 volui,

111 957 115 968 '
213 988 243 1025 „
259 949 392 1015 iterum
409 959 515 1028 atque
526 946 654 1012 iterum
668 958 704 1013 te
719 963 861 1031 rogans,
880 961 920 1014 ut
931 949 968 1013 in
982 965 1098 1015 meum
1114 950 1304 1021 adventum
1314 964 1424 1019 totam

211 1070 242 1109 ,‚
258 1032 354 1099 hanc
372 1048 447 1098 rem
465 1029 636 1113 integram
658 1026 836 1114 sustineas,
855 1048 899 1098 ae
924 1030 947 1095 lr
968 1030 1032 1097 tibi
1057 1045 1191 1099 tantum
1214 1034 1278 1100 otii
1296 1032 1421 1113 luerit,

212 1154 243 1192 „
260 1114 302 1185 dt
322 1113 393 1183 tuis
413 1111 520 1179 literis
537 1113 581 1178 ad
601 1111 638 1178 ld
662 1112 731 1180 iter
757 1130 813 1180 me
838 1112 1041 1191 confirmes,
1063 1112 1101 1183 δι
1123 1114 1265 1201 Regina
1289 1116 1424 1201 epistul-

208 1238 242 1281 „
258 1211 376 1272 mate,
398 1195 518 1279 liquid
529 1192 623 1285 l'orte
635 1194 682 1261 im
729 1194 876 1264 dimenti
891 1196 1028 1265 aliunde
1044 1198 1237 1284 injiciatur,
1253 1218 1308 1266 me
1324 1219 1423 1267 com-

211 1323 242 1361 „
258 1283 406 1349 munias.
432 1279 520 1346 Vale
535 1279 583 1343 mi
601 1278 682 1344 Nico
715 1296 749 1354 a,
763 1278 808 1349 tic
823 1298 890 1366 pto
903 1296 965 1348 tuo
983 1282 1054 1349 hoc
1070 1284 1139 1349 mei
1153 1284 1298 1350 ornandi
1311 1282 1432 1361 lindio¹

213 1405 245 1442 „
259 1366 382 1432 intuo
410 1380 482 1429 aere
501 1377 673 1447 perpetuo
695 1380 752 1431 me
779 1382 906 1435 nomen
961 1362 1164 1432 roftllurum
1189 1384 1303 1433 meum
1325 1368 1420 1437 scias.

213 1490 243 1527 ‚‚
258 1450 299 1516 ln
325 1446 461 1516 olstadii
477 1466 510 1529 4
526 1445 677 1531 Ianuarii
689 1463 745 1513 an.
763 1463 856 1531 1542.
871 1447 892 1479 '’
942 1468 968 1511 x
982 1463 1054 1515 tom.
1069 1470 1101 1533 4.
1116 1465 1146 1535 p.
1163 1465 1236 1534 334.
1254 1446 1329 1535 Vsa.

150 1540 156 1551 ’
257 1466 327 1617 (35
348 1528 751 1599 Comarorannnus
771 1546 1092 1597 nrorrrnannm
1124 1548 1177 1597 rar
1206 1550 1422 1613 Quocum·

93 1689 95 1696 ,
215 1632 313 1695 uun
337 1613 574 1682 Costs1u10
618 1612 674 1679 De
685 1626 809 1697 optato
822 1614 923 1697 huJus
934 1614 1064 1699 negotii
1076 1612 1226 1681 successu
1242 1616 1286 1683 ad
1327 1633 1420 1683 atro·

93 1709 95 1752 ⁷
215 1695 572 1768 numinumfleoonm
615 1694 1267 1845 caviriamitastatimscripfitngius:„
1314 1701 1421 1766 morel·
1517 1704 1518 1708 ’

93 1815 95 1846 t
217 1824 244 1859 „
260 1782 326 1847 lom
347 1779 537 1847 adveniens
556 1779 744 1846 multorum
757 1779 794 1844 in
813 1798 869 1847 me
883 1798 1018 1864 propen
1045 1798 1105 1847 ora
1118 1779 1228 1847 studia
1244 1786 1422 1869 comperi,
1473 1845 1476 1857 ,
1547 1779 1555 1802 ¹

92 1867 94 1872 ’
217 1906 245 1943 „
259 1862 366 1949 quam
377 1862 448 1947 iple
465 1860 585 1929 absens
599 1860 734 1946 sperare
749 1860 845 1930 ausus
858 1862 1010 1943 fueram,
1026 1864 1179 1949 inprimis
1193 1880 1307 1931 tamen
1323 1869 1420 1933 omni

93 2001 95 2028 .
218 1991 243 2025 2,
259 1968 318 2015 me
334 1946 548 2028 humanitate
562 1944 713 2012 Nicotaus
727 1944 928 2013 secretarius
947 1950 1151 2031 complexus
1170 1946 1236 2024 est,
1257 1950 1314 2031 qni
1334 1952 1418 2017 mihi

93 2065 95 2114 l
218 2072 246 2109 ”
260 2033 370 2099 edam
393 2028 544 2115 praefidis
570 2026 708 2093 scmm'
731 2029 788 2112 (id
813 2029 878 2096 est:
903 2029 1054 2096 Ludovio·
1072 2042 1100 2095 'o
1122 2030 1227 2097 Sobora
1251 2030 1419 2097 Serretiore‘s

93 2125 95 2194 ξ
218 2156 244 2192 ,,
260 2114 388 2198 Confilr'i
398 2110 551 2197 praefidit)
571 2111 848 2179 benevolentiam
868 2114 1081 2179 conciliavit.
1121 2114 1177 2181 Ab
1197 2114 1325 2199 Regina
1336 2136 1418 2199 per-

93 2273 94 2278 ,
218 2238 244 2276 „
259 2199 413 2282 benigne
431 2195 581 2271 auditus,
608 2193 712 2261 facile
736 2214 813 2278 quae
835 2196 932 2261 volui
957 2197 1164 2279 impetravi,
1193 2196 1344 2273 scillcet,
1374 2214 1415 2265 ut

218 2278 378 2366 „quoad
400 2281 499 2345 locus
521 2279 558 2343 in
578 2278 709 2345 Senatu
730 2279 930 2361 Motblmimfi
946 2282 1143 2356 vacaverit,
1164 2281 1221 2345 ubi
1244 2298 1288 2345 ex
1314 2282 1418 2346 animi

93 2401 94 2408 κ
219 2404 244 2443 „
260 2365 333 2431 mei
352 2362 518 2431 lententia
542 2362 748 2444 quietiorem
764 2362 873 2428 vitam
889 2362 1017 2429 ducere
1035 2365 1187 2440 valeam,
1208 2364 1264 2429 hic
1283 2366 1417 2431 Secreti

92 2505 94 2516 2
219 2490 244 2525 ,‚
260 2447 407 2517 Conlilii
431 2447 567 2511 honore
591 2443 716 2529 fungar
736 2495 746 2513 .
770 2494 779 2511 .
803 2495 811 2512 .
833 2495 842 2513 .
863 2446 1023 2511 Bruxeuae
1049 2463 1100 2531 27.
1127 2447 1255 2530 Aprilis
1283 2465 1375 2527 1542·
1395 2447 1419 2479 ’⁹‘

92 2561 94 2564 ⁴
215 2532 275 2601 *ux
286 2548 362 2598 tom.
379 2552 412 2615 4
422 2547 456 2613 p.
478 2544 552 2696 345.
571 2526 647 2595 Cur
664 2528 712 2595 lic
727 2540 845 2596 autern
855 2528 1024 2605 voluerit,
1044 2528 1080 2597 dc
1096 2548 1116 2595 e
1131 2530 1275 2599 Secreto
1299 2530 1418 2597 Const-

93 2619 94 2654 ³
218 2618 267 2683 lio
277 2615 324 2682 ad
339 2613 516 2679 Metaurum
529 2630 574 2676 cm
587 2611 756 2679 Senatum
767 2612 857 2694 quali
868 2612 1011 2696 gradum
1024 2610 1158 2689 facere,
1178 2628 1300 2679 contra
1315 2616 1415 2697 quim

93 2735 95 2762 t
219 2698 327 2766 hodie
350 2695 406 2773 lit,
427 2694 593 2779 elegerit,
614 2695 659 2763 ad
680 2695 822 2761 Corolam
847 2694 997 2780 Boisotom
1046 2694 1237 2781 erlcrjplit:
1278 2738 1300 2769 ‚‚
1317 2700 1417 2764 Nosti

93 2801 95 2834 ³
220 2800 322 2858 „me
348 2796 465 2847 amare
485 2778 647 2861 quietemx
660 2795 701 2844 ac
721 2778 844 2853 libros,
863 2780 985 2860 quibus
1050 2781 1176 2844 etlinun
1200 2784 1415 2849 commodius

93 2917 94 2926 ,
219 2906 247 2942 ,,
261 2862 347 2931 mihi
366 2862 504 2931 affluere
515 2860 554 2929 &
569 2862 724 2945 expolire
738 2861 918 2945 aliquando
938 2862 1064 2944 aliquid
1081 2880 1204 2929 eorum
1221 2882 1296 2945 quoe
1320 2864 1417 2948 supc-

93 2961 95 2978 ¹
220 2946 415 3027 „rioribus
433 2944 530 3011 annis
552 2958 803 3011 commentatus
823 2942 919 3019 sum,
937 2946 1067 3012 licebit.
1110 2946 1218 3035 Quod
1236 2962 1349 3012 atatem
1368 2949 1417 3013 sa-

206 3034 247 3109 ⁸„
263 3032 351 3098 lario
367 3027 528 3104 discedit,
549 3029 586 3093 id
609 3027 767 3095 alicunde
784 3026 999 3113 pensabitur,
1019 3028 1155 3111 qnando
1178 3030 1221 3094 ad
1237 3030 1417 3095 consulen-

93 3145 95 3156 =
222 3116 349 3191 „dum
370 3113 479 3197 major
502 3112 599 3179 isthic
622 3112 689 3178 erit
715 3109 884 3187 lacttltas,
905 3113 943 3181 dt
963 3112 1075 3177 minor
1094 3112 1264 3194 sumptus,
1292 3128 1330 3177 ut
1350 3117 1415 3179 alia
1475 3168 1478 3178 .

222 3240 249 3275 ‚,
263 3199 427 3265 omittam
448 3214 525 3279 quse
544 3194 717 3260 Mauram·
736 3193 886 3261 nostrum
905 3195 989 3265 olim
1010 3210 1213 3271 nrnverunt,
1235 3210 1274 3259 ut
1290 3197 1417 3259 dierol-

222 3322 248 3358 „
262 3280 390 3430 nierlrsem
402 3294 539 3363 quoque
558 3277 1011 3361 conditionem-praeferret,
1031 3276 1067 3345 δι
1090 3292 1144 3351 te,
1167 3278 1314 3360 aliosque
1330 3296 1416 3343 non-

206 3394 251 3441 ·,‚
263 3380 311 3431 nu
338 3382 394 3440 os,
413 3378 454 3428 ut
466 3360 622 3428 eamdem
636 3362 850 3437 retineretis,
868 3378 1018 3445 quorum
1032 3362 1191 3447 exempla
1205 3379 1269 3445 pro
1282 3362 1421 3453 ratione

218 3484 250 3527 „
262 3449 425 3515 lubenter
439 3444 561 3529 sequor
573 3445 604 3512 ’ζ
623 3442 693 3509 illd
700 3462 736 3529 p.
753 3449 828 3528 367.

264 3531 328 3618 (4)
348 3526 529 3604 Panna,
558 3535 806 3605 amomon
833 3542 930 3593 mort
953 3542 1216 3594 nnsnrnnna
1237 3526 1413 3611 numne]

222 3616 369 3701 Quanto
393 3609 577 3679 ardore&
599 3610 709 3678 studio
731 3612 951 3695 properarint
974 3630 1093 3678 omnes
1111 3612 1259 3678 retinere
1281 3608 1416 3693 Viglium

220 3700 257 3766 in
278 3698 426 3784 Belgio,
464 3696 575 3761 literis
595 3691 666 3778 ipse
686 3686 896 3780 configuravit
916 3694 960 3761 ad
983 3694 1133 3777 nglmm
1153 3692 1263 3759 Huodt
1282 3694 1325 3760 de
1345 3697 1414 3777 quo

216 3782 331 3867 snpra.
371 3777 540 3856 „Literis
563 3774 774 3859 miWigilee
802 3778 1016 3861 exprimere,
1043 3786 1114 3853 uit,
1146 3790 1281 3859 nequeo
1308 3797 1416 3859 quan-

93 3871 94 3876 ’
219 3904 249 3945 „
262 3880 309 3933 tae
330 3868 407 3945 ,lluc
433 3862 621 3929 adveniens
646 3860 854 3929 solicitudini
881 3860 941 3927 lim
968 3862 1153 3929 involutus.
1201 3861 1288 3927 Non
1316 3862 1414 3929 aliter

93 4091 95 4096 ,
219 4034 379 4111 „ratio,
412 4028 580 4097 vannum

219 3988 246 4026 „
262 3949 354 4017 enim
384 3945 487 4032 quim
521 3944 547 4011 ll
575 3946 735 4093 qpaedam-
757 3944 937 4013 adversum
967 3962 1025 4042 me
1054 3944 1142 4041 iada
1170 3945 1250 4011 ellet
1280 3946 1415 4041 conspi-

218 4114 472 4197 „eonatusque
499 4027 1414 4209 sm·cnmfepprenesgrninssremlippmtllieutplrlrepggigpnfflss

93 4279 94 4290 χ
210 4216 243 4277 ·,,
258 4214 395 4267 tantum
425 4194 684 4295 splendrtlnllma
713 4194 940 4271 condrttone,
974 4212 1100 4261 verum
1131 4208 1234 4291 etnam
1267 4212 1413 4290 imperto

143 4346 153 4350 ,
215 4324 242 4360 „
258 4284 410 4434 pontiam
436 4296 549 4348 meam
574 4278 634 4345 libr
656 4280 849 4365 patriaque
877 4296 1020 4361 operam
1043 4278 1229 4345 vendrcare
1255 4278 1326 4343 vrsa
1352 4278 1412 4344 eli.

214 4408 243 4445 n

93 4399 94 4408 ¹
204 4408 207 4414 ·
274 4368 358 4437 dem
379 4378 505 4450 parens
523 4360 618 4430 senio
635 4362 832 4438 conanus,
851 4361 981 4428 iratres
1000 4362 1256 4445 propinquique
1275 4360 1414 4443 plurimi

93 4453 95 4534 l
200 4476 242 4530 ·,,
256 4469 330 4541 ptr·
342 4452 480 4518 litteras
508 4448 671 4534 flagitant.
711 4443 892 4607 Αεοεὲΐεὲο
916 4443 1042 4526 deinde
1062 4444 1214 4513 omnium
1233 4458 1315 4593 ἔοῑιίι
1331 4442 1438 4507 dell·-

440 4568 452 4583 ν
1194 4564 1219 4603 „
1260 4543 1415 4608 eraque,
