3934 5192
332 530 453 633 -p,
479 525 770 633 nunna
797 522 1285 635 aulonem-t.
1325 556 1427 693 ¹no
1514 674 1517 681 l

209 727 243 807 ς,
257 731 361 800 enirn
378 732 464 795 mihi
485 725 559 795 illic
584 744 655 795 non
674 720 781 795 derint
804 726 931 807 andei,
951 726 990 800 dt
1010 720 1212 815 Fuggeroriuls
1231 731 1334 800 favor
1353 750 1425 801 non

207 854 239 890 „
256 817 393 882 leviter
409 805 585 897 suffragari
600 812 683 875 mihi
698 826 822 894 queat:
844 813 893 877 ita
915 827 1031 881 tamen
1052 814 1160 880 multa
1182 816 1288 882 video
1304 819 1425 901 impe·

101 971 102 974 ,
212 938 241 973 2,
259 900 439 972 diruente,
459 910 501 962 ut
520 912 596 962 eam
615 894 711 987 spem
727 894 884 989 meamin
896 897 989 962 aliud
1009 912 1143 980 tempus
1159 912 1268 993 cogar
1286 898 1422 982 suspen·

101 989 102 1024 ³
212 1020 241 1057 ,,
259 982 362 1047 dere.
405 979 484 1045 Post
514 996 589 1043 eam
609 976 849 1043 conditionem
873 982 1020 1047 maxime
1043 982 1252 1063 placetum
1265 980 1313 1048 ·&
1338 1000 1420 1065 pro·

101 1119 102 1132 ,
210 1100 240 1137 n
257 1062 357 1131 feffio
383 1058 593 1128 scholastica.
634 1059 726 1125 Cum
749 1078 837 1125 vero
854 1060 1019 1128 offeratur
1040 1058 1250 1130 conditio&
1265 1062 1418 1148 salarium

101 1151 102 1224 l
210 1182 240 1219 n
256 1152 364 1228 majro
377 1145 471 1229 pudor
491 1142 648 1237 piusquam
667 1160 811 1226 umquam
828 1142 1000 1209 Germanus
1014 1153 1047 1209 in
1064 1145 1242 1211 Gemma
1257 1146 1418 1216 Academia

101 1271 102 1274 =
211 1264 239 1305 η
255 1236 420 1313 occeperit:
440 1245 512 1292 non
528 1226 654 1291 leviter
668 1242 905 1293 commoveor.
945 1229 1029 1295 Scio
1054 1246 1110 1295 me
1128 1230 1254 1294 multos
1274 1228 1419 1297 offensu·
1488 1238 1500 1263 ⁸

212 1352 242 1385 n
258 1307 1266 1477 meitmrenuentemterram
1281 1313 1418 1465 helle

101 1463 102 1472 ἵ
209 1430 243 1549 ‚'ss
258 1439 428 1547 Calendis
449 1477 507 1542 Au
553 1473 594 1539 sti
616 1468 825 1541 Wormatiam
848 1474 958 1543 adesse
982 1475 1054 1561 julli
1078 1478 1168 1544 sunt.
1209 1444 1282 1574 Eg'o
1303 1494 1417 1547 tamen

211 1596 242 1637 „
260 1562 351 1627 nihil
371 1560 475 1626 conse
513 1576 593 1624 uros
620 1556 686 1624 else
709 1573 809 1642 puto.
860 1559 1088 1643 Quapropter
1114 1560 1258 1627 decrevi
1288 1564 1417 1645 aliquae

212 1644 484 1719 „conditiones
502 1642 597 1707 Duci
621 1640 774 1709 Bavariae
798 1658 1016 1725 proponere,
1037 1641 1096 1707 sub
1117 1644 1239 1727 quibus
1262 1644 1415 1713 oblatum

210 1766 241 1802 „
255 1744 384 1793 munus
408 1722 596 1811 suscipiam.
635 1722 705 1790 lllis
723 1722 746 1787 si
763 1722 996 1791 consenseriut
1018 1724 1230 1807 Ingoljladlam
1251 1746 1306 1793 me
1332 1746 1417 1797 con·

207 1848 243 1886 n
257 1811 390 1878 seram:
412 1809 460 1874 lin
482 1826 554 1875 non
573 1804 823 1883 consenserint,
843 1808 1021 1876 meliorem
1039 1806 1212 1874 fortunam
1235 1810 1292 1877 hic
1309 1830 1417 1897 expe·

212 1911 243 1969 ‘u
258 1894 356 1961 stare
372 1909 514 1976 pergam
532 1891 564 1956 '’.
604 1888 661 1955 Ex
680 1905 752 1985 tom²
773 1906 804 1970 3.
812 1907 854 2037 K.
876 1910 931 1975 44
970 1890 1080 1957 Porto
1102 1890 1299 1959 consensisse
1316 1898 1415 1965 vide·
1550 1950 1552 1957 ,

213 1992 274 2043 tur
295 1977 402 2053 Dux,
422 1976 472 2040 ita
495 1974 587 2041 enim
635 1971 687 2037 ost
709 1986 812 2039 trime
842 1993 879 2041 re
903 1972 1053 2057 elapsum
1077 1993 1098 2039 e
1120 1972 1208 2059 Spita
1230 1974 1348 2045 scribit
1365 1980 1410 2047 ad

213 2059 391 2128 (letardum
414 2058 546 2125 Mulert:
565 1991 744 2152 ,filim-us.
767 2056 851 2121 Dux
866 2057 1019 2151 bavarie
1042 2054 1231 2153 Wlbelmur
1242 2058 1412 2144 stipendio

100 2207 103 2213 .
212 2156 498 2219 „trecentorum
516 2154 761 2225 quinquaginta
777 2140 852 2206 lior.
875 2140 984 2206 Rhen.
1005 2157 1042 2203 m
1062 2138 1289 2213 Academiam
1309 2143 1412 2228 sngol·
1498 2166 1507 2181 ‘

213 2266 241 2302 „
249 2225 426 2312 stadensem
445 2242 501 2290 me
520 2222 684 2297 adscivit,
704 2221 903 2305 addiditque
923 2222 1126 2307 dignitatem
1145 2222 1351 2305 Confiliarii,
1372 2230 1411 2297 dt

212 2350 240 2385 ‚,
255 2326 428 2395 praeterea
444 2324 593 2373 annuum
609 2324 678 2388 quo
702 2322 745 2371 ue
771 2306 994 2372 honorarium
1016 2308 1193 2390 pollicitus
1216 2308 1275 2375 est,
1296 2309 1410 2379 Rebus

214 2413 347 2470 „vero
366 2394 402 2459 in
422 2390 606 2484 Germania
619 2323 733 2484 pallim
748 2388 966 2484 turbatim&
978 2390 1248 2485 hoc-vacillante
1256 2394 1407 2478 judicio,

214 2476 478 2558 „Caesareque
497 2472 704 2560 difficillimis
733 2470 832 2541 bellis
853 2472 1022 2556 variisque
1050 2473 1232 2557 impendiis
1263 2494 1407 2560 gravato

214 2602 241 2636 ‚,
255 2560 528 2639 mintionemque
544 2568 720 2631 morante,
738 2572 810 2619 non
820 2556 920 2639 potui
931 2556 1036 2639 magis
1052 2557 1271 2638 tranquillum
1289 2561 1406 2627 locum
1536 2616 1538 2621 ,

214 2684 240 2721 ‚‚
256 2645 295 2713 dt
319 2641 410 2727 quali
431 2640 620 2706 studiorum
636 2654 794 2703 meorum
813 2639 1087 2705 commodiorem
1111 2641 1238 2723 eligere
1280 2658 1407 2712 ortum.

214 2728 392 2805 „Etenim
420 2724 563 2819 Bavaria
584 2724 620 2787 in
647 2721 812 2869 reliffione
832 2722 915 2787 nihil
938 2723 1103 2817 novavit,
1123 2722 1160 2790 dt
1182 2725 1230 2789 ita
1248 2660 1409 2793 domesti-

213 2852 239 2887 „
255 2814 306 2877 cis
321 2809 445 2893 opibus
464 2805 657 2889 viribusque
673 2823 702 2871 is
744 2820 1044 2889 rmcepsmumtus
1060 2804 1126 2881 est,
1147 2823 1185 2872 ut
1202 2806 1243 2873 ab
1262 2810 1406 2877 aliorum

213 2934 239 2971 „
255 2894 380 2959 insanis
398 2890 602 2958 tumultibus
620 2890 705 2955 nibil
725 2888 758 2954 ei
771 2890 995 2957 metuendum
1014 2888 1063 2956 lit.
1108 2888 1300 2972 Cupiebam
1312 2912 1353 2959 ea
1370 2896 1405 2959 in

167 2992 172 3000 ’
212 3016 238 3053 ,,
256 2997 293 3045 rc
323 2991 386 3042 tuo
409 2975 462 3039 uti
487 2974 650 3050 consilio,
671 2971 727 3039 sed
749 2992 803 3039 res
824 2973 1080 3041 deliberationis
1102 2990 1233 3038 moram
1255 2977 1407 3044 nonfuit

211 3102 237 3135 „
251 3058 355 3145 palia.
397 3056 575 3125 Obstrinxi
592 3072 707 3123 autem
719 3074 774 3123 me
793 3056 836 3136 ad
851 3056 1040 3123 triennium
1064 3105 1072 3125 .
1093 3105 1102 3125 .
1126 3106 1134 3123 .
1155 3054 1249 3140 Spiret
1265 3074 1317 3138 23.
1332 3060 1407 3125 No-

212 3143 483 3223 „vemb.'1537.
503 3142 524 3172 ''
543 3140 599 3205 Ex
618 3157 689 3207 rom.
707 3154 737 3217 3.
750 3156 787 3223 p.
803 3144 856 3220 5⁶·
878 3140 914 3216 is
927 3158 982 3222 57.

252 3226 959 3315 (3)Anr1c1suorrcousunnun1
980 3224 1276 3309 VInauA‘ruu]
1298 3219 1407 3290 Hiero·

207 3332 294 3397 nymo
316 3308 454 3374 Frobenio
476 3306 664 3373 scribebat:
686 3305 784 3371 Multi
804 3312 861 3369 mei
881 3322 1017 3387 amanter
1032 3305 1154 3391 sotium
1170 3308 1221 3371 bor
1236 3326 1332 3371 meum
1348 3320 1405 3373 mi-

206 3411 330 3461 rantur.
353 3408 438 3457 tom.
459 3407 489 3470 3.
514 3408 555 3474 p..
564 3394 618 3472 69.
649 3390 692 3453 Et
716 3388 759 3454 ad
774 3387 960 3453 Bonatdum
979 3388 1135 3537 Ngrrum:
1159 3388 1405 3463 „Amicorum

208 3496 392 3563 „gravem
417 3475 548 3539 incurri
571 3472 908 3556 repraehenlionem,
946 3490 1015 3554 quo
1070 3472 1129 3555 (ut
1151 3473 1200 3536 illi
1222 3472 1402 3556 inquiunt)

206 3598 234 3637 ,‚
249 3580 292 3626 ex
314 3556 551 3707 &livigildus
563 3556 624 3637 fim
646 3556 770 3621 liberor.
811 3554 868 3619 Tu
888 3574 969 3621 cum
989 3556 1107 3638 paucis
1128 3574 1206 3649 meo
1225 3558 1404 3640 gratularis

199 3650 234 3721 3,
249 3644 406 3711 instituto
468 3659 499 3707 c.
520 3638 589 3705 ibid.
612 3657 646 3723 p.
669 3656 723 3721 70.
754 3637 828 3723 Vsa.
857 3640 884 3703 E
936 3639 1007 3704 leto
1035 3639 1173 3720 biennio
1194 3636 1282 3722 saepe
1304 3638 1404 3707 sallus

206 3730 256 3796 est
273 3726 402 3793 amicos
416 3724 492 3789 illos
513 3722 590 3787 suos
611 3740 681 3787 non
700 3723 759 3788 abt
782 3742 821 3792 re
838 3722 897 3786 lusi
923 3742 942 3787 e
962 3722 1042 3787 cirm
1067 3724 1116 3787 ita
1131 3720 1344 3804 judicarent,
1363 3724 1404 3792 dr

205 3814 250 3880 ad
271 3811 423 3892 Joannem
442 3806 574 3891 Pseiium
594 3806 768 3873 Medicum
785 3805 880 3887 prius
895 3804 1112 3883 Florentinum,
1132 3806 1210 3871 dein
1229 3806 1353 3891 Drrsdae
1367 3809 1405 3873 in

207 3896 320 3981 patria
334 3890 500 3956 Eledoris
517 3892 664 3955 Mattritii
682 3888 924 3966 Archiatrum,
944 3888 992 3953 ita
1000 3888 1131 3954 scribit:
1156 3926 1178 3961 u
1195 3887 1277 3953 Non
1295 3908 1404 3973 parva

206 4017 232 4054 „
249 3975 440 4043 foelicitatis
454 3992 533 4056 pam
553 3974 601 4039 est
615 3974 693 4036 viro
716 3972 855 4037 erudito
872 3973 983 4056 patria
1002 3970 1254 4053 disciplinarum
1270 3992 1402 4041 amans:

208 4102 233 4136 „
250 4063 334 4126 binc
352 4058 392 4122 fit
418 4071 456 4122 ut
481 4076 547 4142 ego
572 4056 663 4139 apud
689 4055 795 4121 rudes
812 4053 852 4120 dt
876 4053 1010 4121 amusos
1037 4053 1174 4148 Plrryssos
1193 4062 1309 4132 natus,
1331 4076 1401 4139 quo

205 4180 233 4221 ς,
247 4140 500 4225 philologiam,
521 4140 578 4205 cui
601 4158 656 4206 me
683 4137 787 4205 semel
807 4136 923 4203 dedidi
943 4137 1158 4217 devovrque,
1178 4138 1282 4219 paulo
1306 4158 1404 4227 corn·

206 4227 384 4302 „modius
416 4242 538 4305 queam
559 4224 739 4294 excolere,
813 4238 911 4305 tegre
933 4221 1148 4285 conditiones
1168 4239 1322 4303 quaerere
1343 4224 1405 4289 dc-

206 4346 237 4385 „
249 4310 394 4376 buerim.
435 4306 555 4389 ltaque
571 4305 646 4388 pust
661 4305 761 4371 soren
777 4324 812 4371 es
824 4302 992 4382 molestias
1007 4300 1218 4385 Ingolsscdium
1239 4318 1402 4385 tanquam

201 4432 229 4473 ‚‚
244 4396 284 4464 iu
302 4389 489 4479 quemdam
500 4390 628 4474 ‚quietis
646 4390 890 4537 literarumque
909 4401 1052 4473 portum
1070 4386 1267 4471 profectus,
1288 4385 1324 4455 δι
1343 4389 1404 4469 (ut

203 4524 209 4533 .
256 4528 260 4537 .
317 4536 321 4543 ,
1290 4506 1314 4545 n
1332 4488 1403 4539 me·
