3934 5192
394 543 397 549 -
538 497 627 590 aa
690 488 918 587 nonu
954 508 1027 577 in
1063 477 1323 583 viuum
1358 473 1610 605 vincit

538 684 588 754 ad
597 683 776 754 historicos
787 681 929 749 semino
944 677 1073 745 Panion.
1089 672 1155 769 bisi.
1164 670 1277 740 Gesila
1291 670 1379 739 alios
1394 688 1450 742 ue.
1470 670 1566 741 Huic
1580 670 1753 742 mortni

420 805 422 815 ·
548 769 646 851 Viglii
671 779 799 835 nornen
827 764 986 831 inseritur
1014 758 1145 843 duplici
1172 758 1344 839 qualitate.
1422 754 1553 823 ,Troirs
1571 756 1753 827 ii’isili'arioe
1861 766 1863 807 ⁵

538 867 624 999 a
810 847 852 917 V·
877 844 1041 993 nm
1341 838 1627 987 aaut
1665 841 1751 992 aa
1856 808 1863 899 l

537 931 1199 1107 ssaecmcxoencoraciiaqaanffisarsffiiemifm
1222 940 1388 1073 igtlioata
1407 1004 1474 1073 fuit
1492 942 1747 1095 ρρᾶίιίξιῗιιιιιιει,
1818 1043 1822 1049 -
1850 1014 1864 1031 ”

543 1115 589 1167 ut
604 1098 731 1167 habent
745 1098 870 1167 tabulae
883 1097 932 1162 ibi
947 1106 1079 1169 citata,
1100 1108 1225 1173 nempe
1240 1106 1274 1172 7.
1290 1089 1364 1175 lan.
1384 1108 1476 1173 1544
1565 1122 1574 1138 ι

589 1182 632 1267 i..
673 1173 1273 1267 (ilviomuiinnmnrisirJ
1310 1172 1509 1252 nonstatim
1530 1174 1746 1245 cumGraii-
1785 1214 1794 1221 -

543 1267 698 1341 wemno,
728 1264 787 1331 sed
804 1264 938 1339 solum,
974 1258 1012 1327 δι
1032 1277 1098 1343 pro
1118 1257 1259 1351 negotio
1282 1254 1412 1340 spinoso
1432 1302 1442 1333 ‚
1482 1256 1527 1324 de
1555 1276 1624 1343 quo
1641 1260 1745 1345 apud

542 1348 759 1417 Grmoeitam'
784 1347 902 1440 lilium
922 1342 1089 1437 Αιιιοιιιιιιι
1120 1339 1319 1424 episcopum
1344 1338 1564 1426 Atrebateigsam
1590 1344 1694 1442 gravi
1729 1364 1749 1411 r

546 1430 750 1583 ienstlltkrffi
759 1423 1336 1605 {cpsrffiteiairffuiffilteenlflguwieigi’
1350 1424 1661 1589 {ggidqffiieffie
1684 1528 1748 1577 ne·

544 1600 638 1688 gotii
657 1596 826 1683 gestorem
848 1592 961 1669 nolle,
982 1591 1131 1659 historiis
1144 1604 1320 1675 integritas
1334 1588 1464 1673 poscat.
1504 1592 1599 1659 Ecce
1614 1593 1743 1661 verbat

544 1722 577 1761 ,,
594 1678 877 1749 Reverendiilime
893 1673 1034 1824 praes’l,
1054 1674 1207 1771 intellexi
1224 1690 1268 1739 ex
1288 1673 1395 1739 literis
1412 1672 1518 1741 Rmae.
1536 1676 1582 1743 D.
1600 1677 1644 1745 V.
1667 1674 1749 1744 Cae·

540 1806 579 1844 a,
595 1766 697 1833 sareae
725 1763 808 1848 Maj.
834 1762 979 1829 volunta
996 1776 1052 1824 em
1080 1774 1120 1825 ac
1162 1754 1269 1821 ullum
1290 1772 1416 1839 nempe
1437 1772 1476 1823 ut
1496 1776 1552 1825 me
1572 1763 1751 1845 quampri-

551 1890 580 1928 ‚,
596 1866 690 1915 muni
732 1846 849 1913 itineri
886 1842 1095 1927 accingam,
1169 1846 1386 1924 omniumque
1411 1856 1574 1923 praeeam.
1625 1844 1748 1928 Quem

517 1970 521 1977 ·
546 1931 764 2011 „nuncium
782 1940 909 2013 quanta
928 1942 1010 1993 cum
1031 1922 1181 1991 molestia
1199 1924 1417 2007 acceperim,
1437 1940 1605 2007 nequeam
1624 1929 1749 2011 paucis

554 2058 581 2095 ,‚
596 2017 725 2083 dicere.
765 2010 946 2081 Perturbat
965 2006 1059 2075 enim
1079 2024 1198 2075 omnes
1214 2007 1347 2090 priores
1363 2006 1513 2075 rationes
1529 2026 1640 2088 meas,
1662 2028 1748 2094 quas

549 2140 581 2182 2,
596 2100 641 2167 de
669 2096 877 2167 Germanica
909 2093 976 2159 hnc
1003 2088 1217 2175 proiectione
1245 2106 1490 2174 conceperam.
1543 2092 1635 2159 Nam
1664 2112 1749 2161 cum

555 2226 582 2261 ‚‚
597 2180 795 2251 valetudine
830 2176 931 2245 ellem
963 2175 1117 2243 nondum
1147 2173 1224 2239 satis
1257 2172 1381 2252 firma,
1416 2174 1677 2259 dubitaremque
1706 2196 1751 2243 an

556 2306 582 2344 ,‚
598 2266 845 2350 equitationem
872 2260 965 2352 ferre
994 2254 1152 2341 polleni:
1187 2254 1233 2323 de
1260 2272 1365 2321 curru
1392 2274 1435 2341 ap
1461 2258 1590 2326 arando
1616 2261 1752 2345 cogita·

552 2391 584 2427 „
601 2368 685 2417 ram.
734 2344 867 2415 Adbaec
895 2360 985 2437 ιιιιιιιΙ
1005 2338 1273 2437 Casarlentius
1303 2351 1429 2435 progre
1458 2343 1464 2355 '
1493 2342 1607 2418 solet,
1638 2346 1752 2412 minus

557 2474 585 2592 :3
600 2423 1752 2601 illitatielimcaliltlsslcatillatlsiililila

543 2638 586 2678 a,
602 2613 704 2667 tenus
728 2610 844 2691 tamen
865 2590 1029 2659 valetudo
1054 2526 1153 2684 iletre·
1174 2602 1320 2685 poterit:
1343 2608 1446 2739 {uam
1467 2610 1548 2657 cuni
1567 2593 1681 2661 adbuc
1701 2611 1755 2662 to·

561 2722 587 2759 „
603 2698 721 2747 ueram
741 2694 787 2744 ac
802 2676 969 2742 infirmam
990 2672 1055 2741 elle
1070 2670 1230 2747 seutiam,
1249 2690 1309 2737 vix
1326 2690 1346 2739 a
1384 2676 1493 2740 ullum
1508 2687 1646 2743 certum
1665 2692 1753 2745 tein—

560 2806 587 2842 „
602 2782 667 2849 pus
685 2780 755 2845 quo
775 2758 945 2829 Wrmotiae
964 2755 1030 2852 esse
1057 2755 1192 2839 posim,
1212 2752 1422 2850 adstringere
1444 2776 1500 2824 me
1525 2759 1640 2827 ausim.
1681 2762 1754 2829 Sed

562 2890 588 2925 „
603 2863 719 2914 tamen
741 2843 865 2911 faciam
883 2859 927 2907 ne
947 2839 1030 2905 mibi
1050 2842 1108 2907 vei
1128 2838 1337 2923 negligentia
1351 2842 1409 2905 vel
1432 2860 1530 2907 mora
1553 2837 1623 2910 nlla
1642 2844 1756 2929 impu-

562 2972 588 3007 „
606 2931 672 2997 tari
701 2925 808 3011 possit.
856 2925 1112 2991 ilnontiori'omm
1143 2920 1336 2989 nostrornm
1357 2922 1598 2993 liberalitatem
1628 2929 1756 3008 miror,

557 3052 587 3091 n
604 3013 664 3098 qui
681 3009 884 3093 stipendium
900 3007 983 3074 mihi
1003 3006 1044 3073 ab
1061 3025 1103 3073 eo
1119 3018 1277 3089 tempore
1294 3024 1362 3088 quo
1386 3008 1421 3073 id
1445 3008 1668 3077 constitutum
1684 3010 1756 3090 esi,

562 3138 588 3173 ,‚
605 3094 772 3163 cessurum
800 3090 1067 3165 constituerunt,
1088 3106 1168 3154 cuin
1197 3106 1264 3153 non
1289 3089 1333 3156 fic
1355 3090 1483 3157 soleant
1509 3106 1626 3159 taxare
1642 3110 1756 3163 antea.

560 3221 589 3257 „
604 3181 738 3247 Verum
762 3176 860 3243 Rme.
880 3176 959 3241 Due
977 3172 1024 3239 de
1072 3173 1229 3255 rincipali
1251 3174 1349 3261 hujus
1368 3174 1590 3258 profectionis
1611 3176 1680 3243 live
1700 3196 1760 3244 uc·

500 3267 507 3286 ⁴
562 3304 589 3339 „
606 3260 825 3331 celerationis
848 3256 948 3344 causa
971 3255 1029 3323 val
1054 3274 1074 3321 e
1096 3272 1215 3339 angor.
1258 3256 1348 3323 Nam
1370 3274 1410 3323 ut
1433 3260 1572 3329 nomine
1591 3258 1762 3329 Caesareae

563 3388 590 3424 η
606 3346 687 3431 Mai.
705 3340 985 3439 Belgicaenostrae
1005 3336 1141 3405 causam
1164 3338 1256 3421 apud
1276 3339 1425 3409 Ordines
1446 3360 1567 3427 again,
1595 3344 1762 3415 mandato

563 3429 675 3517 „sive
694 3428 801 3495 literis
822 3423 1056 3493 Credemiolibas
1074 3440 1160 3505 opus
1174 3421 1317 3491 habebo,
1360 3424 1473 3491 Velim
1489 3444 1625 3523 quoque
1644 3428 1686 3493 ad
1704 3446 1762 3495 mc

565 3554 591 3626 ’³
607 3507 1379 3665 illas.ialti‘allalilllillis
1393 3508 1638 3661 sitista
1652 3510 1763 3661 sl·

564 3638 592 3759 :2
608 3680 692 3745 dum
711 3613 928 3759 impogitur.
970 3692 1073 3757 qnam
1100 3672 1140 3738 sit
1161 3610 1353 3740 scgabrosum
1372 3610 1436 3759 ger
1462 3676 1645 3761 laxumque
1696 3615 1764 3747 gia.

566 3764 654 3839 „ta
674 3761 719 3829 V.
739 3779 810 3827 non
829 3759 994 3843 ignorat,
1030 3775 1111 3823 curii
1134 3754 1249 3825 Caesar
1274 3756 1441 3843 superiori
1488 3780 1504 3825 s
1527 3762 1657 3844 aliquot
1677 3780 1766 3831 con·

566 3887 594 3922 ,‚
608 3844 788 3919 ventibus,
811 3844 863 3939 uti
880 3839 1015 3989 Recessim
1032 3840 1092 3925 ipsi
1108 3840 1201 3907 clare
1217 3842 1415 3918 continent,
1436 3842 1536 3927 plura
1549 3842 1765 3927 promiserit,

567 3945 711 4011 „quam
725 3926 830 3993 nostri
853 3942 940 4011 agno
954 3924 1065 4019 centia
1085 3938 1220 4019 putent.
1259 3924 1303 3990 Et
1327 3930 1495 4007 quantum
1517 3945 1581 4012 ego
1603 3928 1767 4015 hatbeuns

568 4052 594 4086 ,‚
609 4009 802 4077 nostrornm
830 4009 1036 4075 sententiam
1062 4020 1243 4091 percipere
1271 4010 1400 4092 pomi,
1431 4009 1492 4093 ipsi
1510 4012 1663 4079 omnino
1693 4028 1767 4079 non

569 4134 596 4170 „
612 4093 894 4190 contendentium·
910 4091 1141 4186 arbitrantur,
1161 4110 1230 4187 quo
1241 4094 1392 4243 ‚genitus
1412 4093 1453 4159 ab
1468 4096 1570 4159 omni
1588 4094 1785 4177 praetenso.

565 4214 595 4253 n
609 4194 685 4261 Jure
705 4178 862 4260 imperii,
883 4175 1004 4243 nolbrae
1020 4184 1180 4259 provinus
1274 4190 1422 4243 orantur.
1465 4177 1516 4243 Im
1544 4180 1664 4245 eriaies
1678 4197 1769 4246 cons

568 4298 595 4337 .,
613 4276 666 4326 tra
680 4262 813 4357 magnis
836 4260 1045 4348 argumentis
1063 4258 1162 4325 nitun
1222 4306 1230 4325 .
1272 4259 1330 4325 Ad
1347 4278 1424 4343 quae
1442 4196 1691 4346 firePpondere
1709 4280 1775 4329 co»¹

565 4382 595 4422 n
612 4343 931 4427 moinonrereor
953 4342 1200 4428 iio-uiagitilli
1224 4344 1486 4423 membratur.
1529 4344 1632 4431 Qua
1654 4360 1777 4498 roffi

1656 4466 1682 4507 11
