3934 5192
343 532 416 603 ra
468 501 772 601 aurun
817 488 1262 607 zulcn'uut
1329 545 1412 632 117·
1462 647 1464 651 Ι

199 743 234 779 n
253 721 275 771 a
289 714 326 771 te
335 702 493 797 expediri
499 716 680 789 poterunt,
688 698 762 772 tum
771 705 855 773 alius
866 704 1080 773 amovendus
1091 704 1140 773 est
1149 704 1414 791 scrupulus‚qui

121 860 124 865 ,
197 825 227 862 ,,
246 805 307 852 me
317 790 817 857 nonmrnussolicitumhabet:
834 790 1024 867 videlicet,
1044 806 1082 855 ut
1096 790 1270 859 honestam
1285 811 1304 857 a
1319 792 1412 857 Rmo

198 910 229 945 „
247 870 413 954 Principe
421 871 733 955 meoMonajierienfi
747 872 931 940 missionem
948 874 1132 941 obtineam.
1170 875 1305 941 Etenim
1326 895 1412 941 corr-

203 990 234 1029 „
252 954 382 1021 tracias
394 956 640 1033 nosterhabet,
658 972 697 1023 ut
712 958 798 1023 alter
814 957 915 1025 alteri
931 956 1075 1022 dimidio
1093 959 1186 1041 larius
1205 977 1295 1024 anno
1324 977 1411 1024 con-

202 1078 230 1112 „
247 1038 422 1104 ditionem
438 1040 652 1107 renunciet..
728 1040 825 1123 Quid
843 1060 927 1137 ergo
940 1040 1089 1107 consulis
1108 1043 1326 1125 miparrone,
1341 1040 1411 1107 dis-

97 1133 98 1186 }
202 1162 231 1199 „
248 1120 519 1189 cedendumne?
534 1123 642 1193 Certe
659 1124 720 1190 tibi
733 1126 875 1191 decrevi
890 1144 1025 1207 parere.
1050 1124 1212 1191 Attamen
1226 1128 1330 1207 cupio
1345 1128 1408 1190 ho·

97 1221 110 1296 g.
203 1242 232 1279 „
251 1201 349 1272 ueste
358 1205 557 1283 discedere,
578 1205 615 1273 &
631 1224 712 1273 cum
722 1207 814 1273 bona
823 1208 913 1275 illius
928 1209 1080 1275 venia&
1096 1210 1214 1293 gratia.
1246 1210 1404 1275 Hocau·

205 1328 234 1365 „
251 1303 326 1354 tem
342 1308 457 1373 opus,
480 1290 537 1356 hic
557 1290 655 1357 labor
671 1290 731 1358 est.
761 1291 841 1376 Qua'
861 1292 896 1357 iu
926 1310 963 1358 re
989 1290 1089 1375 quam
1111 1294 1231 1367 velim,
1262 1292 1345 1371 mihi
1360 1292 1421 1360 ali,
1518 1290 1525 1301 '

206 1413 235 1447 „
251 1372 349 1455 quod
371 1392 391 1437 a
420 1388 457 1439 te
479 1373 659 1441 monstrari
679 1375 874 1441 confilium!
907 1376 983 1459 Ego
997 1394 1067 1441 non
1092 1376 1185 1445 aliud
1209 1376 1319 1443 habeo
1337 1394 1403 1441 nec

207 1494 235 1530 „
250 1455 324 1521 scio
340 1474 384 1521 an
408 1457 446 1523 id
458 1458 524 1522 tibi
534 1456 611 1523 satis
631 1456 803 1541 placebit,
814 1460 870 1525 vel
880 1476 922 1523 an
932 1460 967 1525 id
981 1459 1166 1526 commode
1176 1460 1331 1545 expediri
1342 1478 1406 1606 ἴο-

204 1578 233 1613 ,,
248 1540 352 1605 terit:
362 1538 542 1607 utscilicet
551 1540 682 1627 Regina
693 1540 839 1625 ngara'ae
847 1542 968 1626 (Maria
977 1542 1083 1608 Caroli
1096 1542 1136 1611 V.
1141 1542 1229 1627 soror
1240 1544 1273 1611 si
1288 1542 1340 1609 Ga
1359 1564 1407 1607 er·

207 1662 234 1699 ‚‚
250 1628 366 1687 natrix
381 1621 499 1707 Belgis)
536 1624 857 1693 romedimittendo
873 1625 917 1690 ad
958 1626 1115 1691 raesulem
1134 1626 1409 1705 meumscribat,

209 1705 409 1800 „mihique
426 1721 467 1771 ut
486 1645 724 1793 obtemperem
744 1723 918 1791 tamquam
935 1646 1070 1777 subatro
1085 1708 1231 1777 distritie
1255 1709 1406 1777 mandet.

206 1828 233 1865 „
249 1788 389 1857 Scribat
421 1790 510 1857 verd
545 1806 718 1876 tamquam
736 1792 836 1857 usura
855 1812 963 1877 opera
983 1810 1060 1861 mea
1075 1794 1222 1859 certain
1238 1812 1287 1861 re.
1327 1794 1406 1861 Nec

207 1873 296 1949 „de
314 1870 502 1941 officialatu
527 1875 688 1943 obeundo
711 1876 841 1956 Trajetir‘
868 1877 1082 1943 mentionem
1111 1874 1409 1943 faciat:nis1tibi·

210 1973 374 2029 „tamen
389 1957 484 2024 aliud
504 1958 693 2027 videbitur.
731 1960 822 2025 Haec
844 1960 919 2036 via,
938 1960 1036 2037 scio,
1055 1958 1201 2027 difficilis
1228 1961 1313 2039 erit;
1343 1958 1411 2031 sed

210 2078 237 2114 „
251 2055 373 2108 tamen
406 2058 476 2106 non
508 2044 609 2109 aliam
639 2062 704 2129 ego
727 2042 1034 2127 impraesentiarum
1050 2044 1165 2117 video.
1207 2042 1251 2109 Et
1267 2044 1410 2129 allegari

211 2162 238 2197 ‚‚
252 2124 410 2208 poterit,
432 2123 492 2207 ipsr
507 2128 542 2191 in
562 2126 665 2193 rebus
679 2140 861 2211 tantopere
881 2127 1027 2194 turbatis
1044 2144 1113 2192 non
1134 2144 1293 2212 magnum
1312 2146 1406 2193 nunc

212 2242 238 2278 n
252 2208 324 2273 mei
340 2204 437 2272 usum
457 2206 545 2275 fore.
585 2210 625 2278 si
643 2208 781 2293 quando
796 2209 883 2275 verb
903 2212 976 2295 ejus
995 2211 1133 2295 negotia
1151 2210 1337 2293 composita
1346 2230 1407 2295 pa·

211 2324 237 2361 υ
253 2307 407 2373 rataque
429 2307 532 2358 erunt
544 2337 559 2371 ,
577 2308 648 2359 non
672 2292 916 2378 impedituram
937 2294 1102 2389 Reginam
1124 2312 1192 2377 quo
1219 2294 1333 2359 minus
1363 2294 1407 2359 ad

212 2408 237 2446 n
252 2374 355 2457 ipsrus
371 2374 546 2442 servitium
561 2376 712 2445 redeam.
751 2375 844 2443 Nam
870 2376 1049 2443 srommno
1066 2377 1207 2445 avocari
1225 2396 1280 2443 me
1299 2375 1408 2443 sense·

97 2486 101 2495 ’
212 2493 238 2527 ,ι
255 2460 327 2533 rit,
356 2476 483 2525 vereor
512 2478 555 2527 ne
585 2478 668 2527 cum
699 2458 933 2547 indignatione
955 2461 1118 2529 dimittat.
1159 2461 1282 2543 Nuper
1313 2462 1405 2526 enim

97 2553 99 2559 “
210 2575 238 2612 n
253 2542 360 2608 etiam
374 2538 629 2628 Larsdtgravius
647 2542 759 2627 Hcffiae
776 2543 937 2628 adipsum
948 2544 1079 2631 scripsit
1100 2558 1139 2611 ut
1155 2562 1210 2609 me
1256 2558 1408 2611 uteretur

210 2658 239 2697 n
255 2625 298 2693 ad
313 2622 411 2692 suum
429 2626 570 2693 transire
592 2626 769 2695 servitium
779 2672 791 2705 ,
811 2646 936 2711 meque
948 2626 1116 2695 invitabat
1126 2628 1216 2695 hone
1246 2626 1410 2696 osalario.

254 2748 281 2785 2,
298 2706 474 2793 Cupiebat
487 2729 574 2777 vero
588 2712 624 2776 in
653 2710 731 2777 Mar
772 2730 866 2794 egent
886 2710 1076 2778 Academia
1098 2710 1215 2779 facere
1238 2730 1294 2777 me
1320 2714 1406 2797 juris

213 2826 240 2863 n
254 2790 482 2878 professorem
506 2809 580 2860 tum
606 2793 643 2861 ὅι
672 2797 711 2881 ju
739 2796 796 2861 'cii
845 2796 881 2860 ui
909 2794 1059 2863 Curialis
1081 2792 1293 2863 Asseisorem.
1335 2796 1408 2865 Ve-
1507 2801 1512 2810 '

214 2910 241 2947 n
256 2875 335 2941 rhrn
355 2875 520 2961 Princeps
534 2879 674 2973 penitus
688 2880 814 2947 renuit,
853 2878 941 2945 Mihi
954 2878 1041 2945 verd
1067 2896 1109 2945 ea
1123 2878 1280 2945 conditio
1296 2880 1413 2945 multo

212 2992 240 3028 n
254 2959 366 3045 magis
392 2961 584 3046 displicuit,
606 2960 652 3027 ob
679 2962 803 3028 multas
831 2980 914 3045 quas
940 2962 1134 3046 intelligere
1175 2977 1249 3029 otes
1267 2962 1406 3029 causas:

212 3076 240 3113 n
256 3061 342 3128 quas
355 3045 413 3112 bic
428 3046 602 3141 explicare
614 3046 755 3131 longum
777 3045 1000 3129 odiosumque
1024 2982 1173 3141 sprec&
1328 3130 1332 3139 Ι

215 3160 242 3197 22
257 3144 362 3211 atque
384 3130 490 3196 etiam
512 3128 619 3195 veum
644 3130 802 3214 cogites,
831 3130 996 3213 quidnam
1016 3130 1072 3195 hic
1095 3129 1250 3201 suadeas,
1278 3128 1406 3210 quidve

215 3248 243 3285 n
259 3211 392 3279 consilii
413 3213 568 3280 habeas:
592 3224 633 3278 ut
655 3212 723 3278 fine
736 3212 975 3299 indignatione
992 3212 1168 3279 discedere
1185 3230 1318 3294 queam.
1361 3212 1406 3275 ll·
1470 3258 1486 3278 ι
1554 3200 1562 3211 ’

215 3294 322 3368 „lud
344 3296 449 3363 etiam
475 3311 511 3363 te
534 3297 643 3362 latere
666 3296 775 3361 nolim
799 3296 981 3363 Praesulem
996 3288 1111 3363 meum
1128 3312 1266 3361 mecum
1286 3293 1410 3379 egisse,

214 3414 248 3453 υ
259 3392 300 3447 ut
313 3397 396 3444 cum
416 3382 551 3448 caeteris
573 3378 779 3447 Conriliariis
794 3379 990 3466 proficiscar
1018 3378 1062 3445 ad
1081 3377 1317 3459 Wormarienfin
1335 3376 1406 3443 Co-

214 3502 243 3539 „
258 3463 374 3542 mitia,
394 3483 471 3548 quae
498 3462 715 3531 habebuntur
736 3464 848 3548 prima
870 3464 1054 3529 Dominica
1076 3461 1152 3546 post
1177 3461 1311 3527 Pascha.
1352 3460 1408 3525 Ei-

216 3587 243 3624 „
259 3566 328 3633 qne
355 3550 547 3615 conventui
571 3564 781 3632 magnopere
809 3544 966 3613 interesse
991 3547 1106 3630 cupio.
1150 3545 1273 3611 Sumus
1289 3559 1411 3611 autem

215 3671 244 3709 „
259 3632 342 3697 hinc
358 3632 486 3698 exituri
498 3629 689 3698 subfestum
707 3630 898 3697 Palmamm.
920 3628 1157 3714 Quamobrem
1174 3629 1195 3693 ss
1210 3626 1320 3711 posses
1333 3647 1412 3694 rem

216 3756 245 3792 „
260 3712 402 3783 differre
426 3716 462 3781 in
483 3715 633 3783 reditum
647 3732 765 3781 meum·
780 3732 825 3797 ex
841 3712 1038 3791 Wormaria,
1060 3712 1141 3781 esset
1156 3714 1409 3780 tume‘uscon-

215 3840 246 3877 ,,
258 3798 419 3867 ficiendae
440 3800 636 3884 expeditior
649 3801 847 3883 gratiorque
861 3797 945 3863 mihi
962 3798 1214 3881 opportunitas.
1242 3876 1249 3887 ⁸
1290 3797 1325 3863 ix
1349 3812 1409 3863 au-

218 3897 333 3960 „tem
358 3882 471 3950 redire
490 3884 610 3950 licebit
622 3898 703 3949 ante
722 3882 942 3951 Dominicam
960 3882 1100 3950 Cantica.
1142 3882 1157 3967 (
1179 3878 1329 4029 Qunam
1344 3876 1410 3965 posi

217 4007 245 4049 ,‚
259 3965 375 4051 Pascha
393 3966 408 4051 )
428 3966 475 4031 fin
499 3984 572 4032 non
595 3966 737 4033 videtur
764 3964 827 4033 tibi
842 3984 896 4032 res
910 3979 1043 4033 tantam
1063 3964 1135 4048 pati
1223 3981 1409 4039 emoram,

217 4051 391 4135 „parebo
416 4062 480 4117 tuo
502 4050 660 4117 consilio.
674 4050 841 4134 Sumptus
860 4048 948 4116 verd
968 4066 1039 4114 non
1057 4066 1141 4117 recu
1156 4046 1281 4123 ab0,.sr
1303 4046 1414 4112 modo

215 4134 320 4211 „tibi
339 4152 458 4219 operae
471 4135 623 4218 pretium
641 4134 826 4202 videbitur.
845 4131 1048 4216 Licebitque
1072 4132 1135 4197 tibi
1150 4150 1213 4215 per
1222 4132 1415 4279 (proprium
1493 4134 1496 4141 “

216 4218 424 4294 „nuncium
454 4233 549 4285 tuam
582 4232 737 4286 mentem
765 4216 851 4284 mihi
887 4215 1100 4301 perscribere
1128 4233 1135 4280 :
1162 4232 1219 4280 mo
1246 4234 1267 4280 o
1293 4228 1410 4280 tamen

216 4340 244 4378 ,,
259 4320 360 4370 cures
379 4316 421 4368 ut
437 4303 466 4368 ia
480 4303 550 4369 huc
569 4302 733 4369 adveniat
749 4316 831 4369 ante
850 4299 976 4369 dietam
993 4298 1211 4366 Dominicam
1220 4298 1416 4363 parmarum,

211 4424 240 4466 n
256 4384 400 4459 summa
416 4404 501 4473 ergo
521 4402 644 4455 eorum
661 4402 738 4471 que
759 4384 871 4535 supr}
875 4382 1009 4471 scripu,
1030 4383 1105 4451 haee
1123 4380 1182 4453 eh
1226 4380 1415 4451 Conditio·

432 4512 438 4517 ·
892 4482 917 4551 3
1029 4480 1032 4483 ’
1293 4480 1423 4547 ηΙΠΕῙῘῙ.

1173 3044 1411 3113 roindeetiam
1521 3106 1527 3117 ,
