3934 5192
557 611 642 705 204
760 578 1338 679 restauraturum
1375 503 1612 680 vrum

558 784 603 857 ad
627 779 855 855 sacerdotium
870 777 1137 872 progrediendi,
1164 768 1469 872 ecclesiasticisque
1490 773 1700 856 muneribus
1718 771 1778 848 in·

557 879 754 960 scribendi,
790 879 948 970 praebere
967 872 1191 948 videbuntur.
1695 957 1699 964 .

607 966 705 1045 XIV.
731 970 824 1044 Cium
841 993 956 1042 aurem
976 967 1050 1043 sere
1070 991 1241 1065 pauperes
1266 965 1332 1041 sant
1354 967 1414 1064 qui
1438 965 1474 1038 in
1497 967 1689 1061 collegium
1717 990 1774 1042 re·

561 1069 766 1166 cipientur'‚
797 1066 955 1139 fruentur
978 1087 1153 1163 pauperes
1174 1068 1352 1139 choraulae
1377 1062 1516 1136 redditu
1536 1064 1684 1156 triginta
1710 1061 1776 1136 sex

559 1165 774 1240 florenorum
792 1161 894 1256 super
911 1161 1067 1236 Statibus
1081 1161 1256 1235 Flandriae
1272 1180 1473 1256 comparato
1484 1163 1694 1252 expecunia
1705 1181 1775 1256 per
1826 1209 1832 1222 -

550 1263 719 1334 abbatem
737 1257 854 1332 saneti
881 1257 1035 1331 Bavonis
1061 1257 1264 1332 defunsium
1291 1257 1503 1352 pauperibus
1526 1252 1670 1359 relisis,
1697 1279 1772 1350 pro

559 1359 711 1430 candelis
737 1379 779 1428 ac
803 1356 881 1426 aliis
899 1351 1122 1438 necessariis,
1157 1375 1329 1451 quatenus
1347 1351 1381 1424 se
1407 1351 1595 1427 extendere
1614 1352 1771 1446 poterit.

560 1454 724 1548 Triginta
742 1452 892 1524 srmiliter
907 1471 1058 1546 quatuor
1078 1448 1207 1536 'florerd
1229 1447 1369 1545 singulis
1387 1449 1487 1522 annis
1508 1447 1769 1522 disbibuentur

558 1551 647 1622 inter
675 1545 853 1620 Bursarios
876 1547 1045 1622 tenuioris
1064 1541 1243 1634 fortunae,
1267 1547 1390 1640 quiex
1416 1541 1577 1619 Frifiain
1596 1545 1690 1616 illud
1715 1543 1768 1618 as·

557 1644 688 1740 sumpti
714 1643 843 1717 fuerint
867 1643 1057 1716 secundum
1079 1645 1322 1718 discretionem
1349 1637 1455 1737 ipsius
1485 1636 1642 1714 Praefiuis
1668 1643 1767 1714 inter
1865 1650 1868 1664 '

557 1767 620 1816 eos
648 1742 711 1836 qui
739 1743 848 1834 magis
874 1740 1106 1834 indigebunt:
1145 1739 1189 1812 ad
1211 1761 1315 1836 quem
1341 1736 1438 1811 usum
1464 1739 1547 1832 lego
1565 1735 1765 1812 Reddituur

556 1839 702 1932 triginta
734 1857 884 1929 quatuor
917 1834 1132 1910 florenorum
1163 1833 1407 1912 Redimibilem
1443 1835 1587 1908 denario
1616 1834 1764 1908 decimo

555 1932 683 2006 ottavo
713 1931 814 2025 super
841 1930 1056 2027 Begiunagio
1081 1929 1314 2012 Bruxellensr,
1344 1927 1477 2002 vestem
1528 1951 1645 2024 uuque
1672 1931 1760 2003 tala-

557 2054 630 2104 rem
650 2026 811 2124 lingulis,
837 2028 964 2122 quibus
980 2027 1126 2102 facultas
1145 2053 1215 2102 non
1231 2025 1386 2120 suppetit
1402 2045 1441 2100 ut
1458 1954 1594 2124 ipsimet
1611 2048 1758 2120 compe·

558 2147 661 2212 rent,
686 2127 722 2196 in
747 2121 896 2218 ingressu
923 2123 1117 2219 sumptibus
1143 2126 1282 2218 collegii
1300 2121 1451 2218 praeberi
1477 2123 1586 2204 volut
1611 2123 1648 2196 &
1675 2121 1760 2198 crim

526 2226 533 2245 ‘'
558 2224 603 2297 ad
630 2214 862 2388 magisterium
887 2224 1014 2297 artium
1037 2221 1260 2316 perverterint
1283 2241 1453 2314 quatenus
1482 2216 1554 2314 (r)
1583 2218 1674 2291 inter
1700 2223 1759 2288 Li-

555 2320 657 2392 reales
701 2317 844 2400 uerint,
884 2339 1012 2390 novam
1042 2339 1181 2412 quoque
1206 2313 1335 2396 vestem
1360 2317 1503 2388 talarem
1534 2335 1575 2388 ac
1606 2313 1757 2388 biretum

553 2411 713 2510 praestari
741 2413 807 2484 illis
840 2413 992 2497 ordino,
1032 2415 1208 2506 cupiens,
1249 2432 1290 2484 ut
1306 2409 1456 2484 Bursarii
1481 2411 1550 2485 mei
1570 2411 1615 2483 ad
1640 2411 1754 2484 eccle·

556 2509 619 2680 lsquas
645 2505 684 2582 dt
699 2507 832 2584 scholas
850 2509 1010 2603 publicas
1024 2530 1096 2581 non
1112 2511 1382 2607 progrediuntur
1399 2505 1461 2580 nisi
1480 2509 1516 2578 in
1538 2507 1674 2582 decenti
1694 2508 1755 2581 hu·

581 2630 643 2680 atu.
934 2655 938 2670 ·

604 2699 684 2774 XV.
708 2697 859 2797 Reliqua
883 2723 970 2774 vero
996 2721 1073 2798 quae
1094 2703 1138 2778 ad
1159 2702 1337 2776 meliorem
1360 2698 1635 2796 soelicioremque
1660 2723 1752 2798 prae-

556 2784 641 2871 disii
666 2799 806 2892 collegii
830 2795 1160 2874 admittistrationem
1183 2800 1434 2894 pertinebunt,
1459 2797 1504 2870 ad
1525 2797 1649 2871 statuta
1673 2819 1754 2894 quae

556 2892 628 2988 ipse
655 2893 704 2967 cis
720 2887 932 2988 praescripsr‚
957 2897 1017 2968 vel
1035 2893 1233 2990 provisores
1255 2897 1293 2972 δι
1311 2893 1504 2969 visrtatores
1527 2895 1670 2989 collegii
1686 2893 1755 2968 mei

554 3012 621 3085 pro
644 3008 842 3082 temporum
857 2987 992 3063 ratione
1012 2995 1062 3066 eis
1076 2988 1325 3088 prael'cribent,
1349 2991 1498 3062 remitto.
1547 2987 1753 3066 Provisores

385 3105 445 3160 *rs
460 3111 518 3160 erat
555 3105 672 3158 autem
695 3084 822 3160 ordino
838 3081 1081 3162 scholasticum
1100 3089 1304 3165 modernum
1330 3086 1350 3126 ¹*
1374 3083 1527 3159 ecclesrae
1545 3089 1753 3162 cathedralis

383 3181 512 3317 fl⁶0b⁰⁸
558 3179 821 3266 Gandavensrs,
848 3177 1184 3280 Theologumquet
1210 3179 1592 3258 senioremsecularem
1615 3183 1651 3254 in
1674 3207 1751 3260 aca-

383 3257 521 3395 J'fflm
558 3277 671 3352 demia
688 3274 919 3360 Louaniensr,
945 3300 1012 3352 una
1036 3303 1115 3354 cum
1140 3279 1274 3375 pastore
1290 3277 1355 3352 sti.
1377 3275 1552 3370 Quintini.
1601 3279 1651 3354 Et
1673 3276 1753 3379 post

385 3352 521 3477 yffi&
560 3372 643 3447 dieti
666 3371 824 3449 moderni
847 3370 1040 3450 scholastici
1059 3377 1212 3464 obitum,
1242 3373 1313 3450 five
1340 3398 1384 3448 eo
1411 3399 1483 3450 non
1507 3397 1752 3470 comparente,

383 3493 419 3553 aa
435 3489 474 3549 Ν.
560 3471 760 3568 primarium
773 3469 859 3567 juris
881 3473 1041 3546 canonici
1058 3469 1283 3568 professorem
1306 3469 1459 3560 ibidem,
1481 3472 1518 3544 in
1541 3477 1612 3566 ejus
1637 3473 1750 3548 locum

383 3568 539 3662 ulmi,
562 3565 757 3652 constituo,
781 3565 844 3662 qui
861 3570 1122 3643 occurrentibus
1142 3565 1400 3644 difficultatibus
1425 3591 1505 3641 cum
1525 3569 1598 3642 aliis
1619 3571 1754 3646 duobus

385 3652 456 3783 '²3¹2‘
476 3652 524 3708 W·
561 3661 801 3760 provisoribus
826 3661 1130 3760 visitatoribusque
1141 3716 1154 3754 ‚
1187 3662 1337 3762 praesens
1360 3666 1628 3760 promptiusque
1646 3663 1752 3742 consi·

381 3743 526 3863 fo‘fff'
560 3761 676 3844 lium,
706 3779 857 3852 cumque
885 3759 1018 3834 minore
1039 3759 1177 3856 sumptu
1203 3761 1372 3856 collegii,
1403 3761 1575 3852 impartiri
1600 3767 1751 3857 poteritt

383 3883 515 3951 elnaem.
561 3859 750 3929 honorario
770 3850 852 3950 ipsrs
868 3853 1049 3949 assignato,
1072 3859 1174 3930 unius
1192 3881 1227 3930 re
1254 3859 1314 3930 alis
1326 3857 1420 3928 aurei
1436 3853 1575 3954 singulis
1591 3861 1751 3950 vicibus,

379 3977 416 4053 ge
433 3963 494 4018 Soc.
561 3951 689 4048 qulbus
704 3951 891 4046 collegium
905 3949 959 4022 bis
976 3953 1012 4026 in
1031 3976 1123 4026 anno
1140 3950 1239 4026 visita
1287 3973 1337 4026 nt.

384 4035 474 4095 sueri.
610 4045 711 4122 XVI.
737 4047 774 4122 Si
790 4046 851 4142 qui
868 4066 983 4120 autem
1007 4047 1043 4122 su
1073 4051 1319 4135 ernumerarii,
1343 4069 1495 4124 autnon
1516 4050 1749 4147 ejusqualita·

372 4193 435 4270 five
449 4193 480 4249 rra
561 4143 625 4226 tis,
650 4168 754 4238 quam
776 4143 885 4237 exigit
904 4071 1100 4238 supradiita
1123 4169 1198 4220 mea
1221 4143 1409 4228 institutio,
1441 4171 1497 4220 me
1522 4151 1606 4222 vivo
1623 4145 1749 4236 admissi

373 4268 534 4345 primm
558 4237 716 4327 fuerint,
749 4265 809 4313 eos
833 4263 969 4314 manere
997 4245 1082 4316 volo
1102 4265 1211 4336 usque
1231 4245 1275 4318 ad
1299 4265 1434 4338 ternpus
1460 4245 1534 4316 aliis
1559 4247 1597 4316 in
1621 4245 1749 4318 staturis

379 4352 413 4407 ee
426 4351 481 4409 rara
552 4335 812 4446 praescripturus
861 4335 902 4413 sn
921 4339 1037 4415 locum
1057 4339 1142 4418 vetti
1155 4363 1276 4417 eorum
1288 4339 1557 4436 discedentium,
1581 4343 1666 4429 nulli
1681 4339 1747 4412 sur·

1441 4460 1448 4476 ⁸
1652 4457 1747 4532 togu-
