3934 5192
535 550 621 666 296
706 500 1609 644 connumerandam,

453 818 462 830 ,
534 763 575 819 re
598 740 772 842 speraret,
796 736 877 817 clim
890 736 1030 818 'interea
1051 744 1088 816 in
1112 741 1312 818 civitatibus
1337 741 1562 840 Magistratus
1587 767 1739 822 renova·

536 842 566 912 ti
590 839 746 925 fuerant,
770 837 850 912 satis
873 839 1145 913 animadversum
1168 839 1256 924 fuit,
1281 839 1429 913 Ducem
1442 841 1586 914 omnino
1609 845 1647 914 in
1664 847 1741 930 ani·

494 961 500 968 ·
541 957 601 1006 mo
625 936 753 1010 habere
776 936 905 1008 Decimi
927 937 1064 1008 Denarir‘
1097 937 1338 1008 executionem
1367 935 1557 1032 prosequi,
1592 937 1738 1034 sperans

540 1029 708 1126 infigerent
739 1031 890 1126 aliquam
922 1033 1234 1106 remunerationem
1266 1029 1300 1104 se
1334 1031 1377 1104 ab
1410 1031 1504 1126 regia
1527 1032 1736 1130 Majestate,

536 1129 753 1224 gloriamque
774 1128 870 1223 apud
883 1125 1177 1224 suosHispanom
1202 1125 1323 1222 (quod
1340 1129 1538 1204 domanium
1563 1132 1737 1204 redditus·

537 1247 605 1316 que
628 1226 747 1319 regios
770 1223 866 1296 tanta
888 1223 1074 1296 acceffione
1097 1227 1134 1296 in
1157 1224 1223 1295 hac
1247 1221 1432 1296 Provincia
1455 1221 1624 1318 auxisset)
1652 1251 1735 1300 corr·

534 1319 768 1415 sequuturom.
819 1317 869 1392 Et
891 1337 931 1390 ut
948 1298 1084 1392 facilius
1104 1325 1173 1420 hoo
1194 1315 1348 1391 Consilio
1365 1317 1609 1414 persuaderet,
1633 1322 1736 1416 Quo·

535 1437 648 1488 tarum
672 1413 965 1488 contributionem
990 1415 1178 1508 reprobare
1200 1437 1271 1484 non
1295 1413 1414 1496 desiit,
1445 1417 1544 1509 qudd
1569 1437 1733 1508 peream

430 1559 434 1566 -
535 1513 692 1604 populus
714 1508 839 1597 sciret,
863 1510 951 1604 quid
974 1505 1131 1607 Principi
1154 1511 1312 1594 daretem
1337 1511 1433 1606 quod
1457 1531 1496 1582 ut
1519 1513 1665 1592 eundem
1682 1517 1754 1598 lar

537 1611 650 1690 reret,
674 1604 837 1700 praestare
859 1603 1032 1680 censebat.

564 1699 715 1776 ‘XXIV.
740 1701 799 1774 Ad
831 1701 909 1774 haec
938 1723 1006 1798 per
1066 1699 1306 1774 ostulationem
1328 1701 1545 1794 gratiarum,
1577 1705 1735 1796 quietari·
1789 1729 1790 1735 ¹

535 1798 730 1892 clarumque
753 1819 798 1870 cx
819 1793 921 1871 causa
943 1799 1029 1870 inun
1075 1797 1239 1884 tionum,
1270 1797 1537 1878 incendiorum,
1573 1802 1735 1872 aliorum·

424 1895 429 1902 '
561 1917 604 1967 ue
628 1895 833 1968 damnorum
866 1889 1115 1976 subortorum,
1149 1913 1228 1990 quae
1256 1891 1405 1966 recusari
1437 1891 1622 1965 difficulter
1652 1895 1733 1988 pos·

534 1918 644 2075 sunt,
675 1987 823 2062 duomm
852 1989 1045 2062 millionnm
1066 1986 1361 2064 contributionem
1392 2010 1603 2084 magnopere
1630 1991 1728 2065 dimi·

535 2088 607 2158 nui.
655 2083 731 2178 Jam
752 2108 838 2160 vcro
862 2081 902 2157 dt
927 2085 1041 2158 media
1064 2085 1191 2178 quibus
1216 2081 1353 2176 Quotas
1386 2081 1462 2158 suas
1487 2081 1610 2176 singuli
1634 2087 1731 2161 inve*

534 2183 610 2254 nire
631 2179 764 2254 necesse
785 2181 946 2268 habent,
987 2178 1053 2252 eil'e
1076 2179 1334 2262 intolerabilia,
1369 2181 1466 2274 quod-
1484 2181 1522 2250 in
1542 2178 1731 2258 Brabanria

534 2275 716 2360 evidenter
731 2277 912 2372 apparuit,
936 2297 1047 2370 eaque
1064 2299 1135 2349 non
1150 2273 1320 2348 sufficere:
1345 2275 1636 2369 quam-ob·rem
1662 2280 1732 2364 tale

533 2373 676 2466 aliquod
699 2375 887 2445 remedium
914 2372 1170 2466 quaerendum,
1205 2393 1276 2464 quo
1295 2371 1475 2464 aequaliter
1491 2391 1613 2445 omnes
1637 2370 1731 2446 satis·

534 2465 682 2542 faciant:
713 2470 858 2540 innuens
883 2469 1050 2539 Decimum
1075 2469 1250 2542 &narium
1266 2517 1282 2550 ,
1312 2488 1414 2560 quem
1438 2467 1512 2562 jam
1532 2465 1651 2542 Status
1669 2493 1729 2542 an·

535 2585 592 2638 tea
610 2562 801 2637 concessisse
824 2563 1069 2636 contendebat.
1343 2613 1346 2618 -

582 2643 714 2730 XXV.
747 2658 910 2754 Cbmque
938 2657 1082 2752 quidam
1114 2679 1302 2733 memorem
1326 2656 1437 2754 ipsum
1471 2657 1627 2732 facerent
1654 2663 1729 2760 ejus

535 2755 633 2850 quod
657 2752 815 2827 Statibur
837 2753 1016 2849 pollicitus
1037 2773 1130 2840 erat,
1155 2753 1202 2826 fic
1225 2757 1331 2850 regiae
1351 2753 1527 2850 Majestati
1552 2777 1727 2830 commen·
1839 2777 1840 2783 ’

533 2853 695 2922 daturum
710 2845 742 2921 se
758 2847 911 2944 ipsorum
933 2852 1110 2945 negotium
1129 2853 1424 2946 petitionemque,
1450 2871 1489 2922 ut
1510 2853 1553 2924 ad
1571 2849 1726 2926 sexennii

409 2965 414 2973 ’
532 2967 693 3041 tempus,
725 2943 846 3019 omilld
863 2945 1138 3018 Decimi-Danant
1159 2945 1368 3032 exactione,
1401 2945 1533 3034 Quotis
1560 2968 1725 3024 contenta

531 3039 642 3128 esset,
680 3039 890 3135 querebatur
921 3039 1019 3111 sein
1049 3037 1220 3133 Hispania
1248 3045 1369 3114 multas
1403 3044 1477 3136 pari
1511 3045 1721 3128 calumnias,

530 3138 629 3232 qudd
645 3133 826 3231 quaesrtum
840 3135 911 3230 jam
930 3157 973 3204 ex
994 3131 1161 3208 consensu
1176 3135 1338 3210 Statuum
1360 3135 1416 3229 jus
1447 3139 1719 3212 Decimi·Denorr'r'

528 3229 732 3328 prosecutur
751 3257 821 3306 non
841 3228 973 3304 fuiffet:
996 3229 1157 3326 {legique
1179 3230 1375 3328 persuasum
1398 3229 1494 3316 elle,
1526 3235 1597 3306 hoc
1617 3253 1725 3332 expe·

528 3327 724 3402 ditiliimum
753 3326 819 3400 elle
850 3327 1002 3401 medium
1035 3325 1104 3398 fine
1136 3331 1241 3421 longa
1274 3329 1430 3401 Statuum
1458 3331 1721 3421 negotiatione,
1777 3385 1779 3388 -

526 3425 565 3496 id
599 3423 671 3518 quo
700 3447 767 3520 pro
800 3421 996 3504 defensione
1023 3421 1245 3520 Reipublicae
1270 3447 1361 3520 opus
1392 3423 1566 3512 haberet,
1603 3426 1723 3501 conse·

554 3539 704 3594 uerctur.
823 3541 841 3565 ¹*

527 3543 553 3616 q
573 3614 707 3691 xxvi.
733 3611 788 3687 Ut
802 3639 888 3689 vero
905 3619 977 3711 ejus
995 3614 1147 3689 faciliori
1161 3617 1356 3692 executioni
1379 3615 1471 3688 viam
1489 3637 1723 3712 praepararet,

526 3712 771 3788 animadvertit
784 3711 918 3785 obstare
936 3714 1059 3784 multas
1085 3715 1266 3808 variasque
1285 3709 1443 3795 accidas,
1468 3737 1508 3788 ac
1534 3713 1722 3808 im‘posirio·

527 3833 589 3884 ner
613 3807 803 3896 Statuam,
843 3798 1119 3903 civitatumque,
1151 3811 1278 3902 quibus
1306 3807 1488 3883 difficulter
1513 3812 1719 3886 accumulari

523 3925 687 4000 poterant
704 3923 810 3978 novae
828 3905 885 3976 hae
908 3904 1031 3977 Derdam
1055 3905 1189 3976 bonon
1213 3908 1459 4000 prestationes.
1508 3903 1633 4002 ltaque
1656 3900 1716 3978 an·⁸

526 4021 584 4073 rea
607 3999 683 4072 illac
706 4000 893 4073 abolendae
916 3999 1215 4094 removendaaque
1240 4003 1384 4098 censuit.
1432 4001 1583 4075 Proinde
1601 4003 1637 4072 iu
1659 4005 1720 4076 dc-

522 4096 727 4192 liberatione
752 4095 898 4192 posuit,
930 4117 1018 4167 anne
1045 4098 1233 4171 convenire
1262 4099 1464 4184 videretur,
1501 4119 1542 4171 ut
1563 4095 1720 4173 Statibur

503 4204 801 4290 proponeretur,
825 4194 898 4288 qud
916 4212 957 4287 ea
978 4215 1104 4279 onera,
1129 4216 1208 4286 quae
1226 4199 1398 4291 populum
1419 4215 1565 4290 gravare
1574 4196 1721 4269 nimium

521 4289 757 4373 videbantur,
771 4290 808 4360 in
825 4288 918 4362 aliud
942 4287 1209 4364 contributionie
1233 4313 1340 4387 genus
1363 4309 1625 4364 converterent:
1658 4315 1719 4366 vc-

520 4385 588 4464 lati
612 4383 712 4485 quod
737 4387 841 4486 super
861 4385 1023 4464 domibus
1042 4437 1054 4476 ,
1094 4383 1265 4485 terrisque
1296 4387 1429 4487 aliquid
1453 4387 1718 4580 imponcrcttrltgg

1303 4682 1312 4720 l
