3934 5192
401 509 472 588 ii
518 475 812 588 Arrun
850 409 1296 612 amonesii.
1365 507 1445 604 193
1544 583 1549 591 x

246 681 524 774 „szoidmnsin
545 683 647 753 Frisii
670 682 788 762 nattis,
809 680 848 754 &
867 681 914 751 ob
934 697 1044 748 raram
1059 679 1143 767 iuris
1157 679 1269 748 civilis
1288 683 1449 767 peritiam
1577 745 1580 754 s

240 813 276 857 „
290 775 442 862 primum
457 771 577 840 multis
591 767 814 864 dignitatibus
833 785 854 834 a
870 767 981 834 Coroso
997 765 1038 862 V.
1053 781 1215 842 ornatus,
1230 765 1310 834 dein
1320 761 1365 836 ob
1378 773 1451 840 ina-

248 891 277 940 „
289 863 403 947 jorein
415 857 464 923 in
485 855 588 925 rebus
613 851 756 938 agendis
770 851 942 919 laudema
961 849 1121 936 Philippo
1138 852 1210 936 ejus
1229 851 1298 916 filio
1318 855 1450 924 consilii

247 981 277 1022 a»
292 943 423 1030 privati
458 937 609 1025 praeses,
645 955 688 1005 ac
717 934 891 1020 postremo
916 935 1068 1001 Velleris
1090 935 1186 1002 aurei
1213 931 1450 1008 cancellarius

230 1069 276 1116 ¹„
293 1042 460 1108 creatus,
479 1025 541 1110 qui
571 1021 654 1118 clun
675 1019 911 1170 fflifl⁰ss⁶¹ffifi
942 1019 1139 1086 libertatem
1152 1017 1340 1088 defendere
1359 1023 1450 1093 viius

246 1154 278 1192 „
293 1111 395 1189 esset,
414 1127 528 1193 eoque
548 1121 689 1173 nomine
703 1117 849 1189 gratiam
910 1120 1012 1170 orum
1027 1105 1256 1188 promeritus,
1278 1105 1450 1190 posseaad

246 1194 527 1280 „Hispanorum
550 1203 667 1276 partes
689 1187 858 1256 inclinare
884 1187 1061 1263 creditus,
1082 1188 1117 1252 in
1141 1183 1312 1256 ordinum
1332 1191 1450 1265 odium

246 1321 280 1359 „
295 1279 458 1354 incurrit,
480 1275 518 1346 δι
539 1275 631 1340 inter
656 1271 713 1338 sus
732 1271 827 1339 esino
853 1289 944 1340 anno
971 1270 1147 1358 superiore
1162 1290 1204 1338 ca
1230 1287 1283 1338 ius
1308 1273 1371 1354 esi,
1391 1271 1451 1346 sed

246 1401 281 1443 ,‚
296 1365 332 1430 in
350 1362 517 1432 liberiore
535 1356 692 1452 custodia
707 1291 868 1453 Kubituu
888 1356 950 1422 ubi
969 1369 1044 1420 tum
1069 1355 1178 1504 gnam
1223 1359 1361 1426 ruxellis
1377 1355 1449 1426 sor-

248 1491 283 1531 „
298 1463 334 1515 te
345 1462 443 1516 eram
459 1445 477 1529 )
498 1456 578 1511 euin
594 1439 743 1508 officiose
753 1439 868 1516 invisi,
889 1439 927 1508 δι
942 1439 1051 1505 multi
1096 1457 1115 1505 e
1130 1442 1356 1510 conversione
1373 1443 1452 1511 Bel-

250 1571 283 1613 „
297 1531 409 1682 fiibaex
423 1529 477 1596 bis
490 1526 641 1593 motibus
654 1523 916 1610 praesagientem
928 1523 1063 1599 iudivi,
1084 1525 1205 1608 quibus
1220 1525 1375 1594 excusari
1387 1547 1452 1594 vo·

252 1657 284 1695 „
313 1633 333 1683 e

378 1629 412 1692 t,
423 1611 528 1698 'quod
542 1609 775 1694 Hispanorum
790 1605 943 1693 partibus
954 1606 1074 1674 favere
1092 1607 1285 1686 diceretur,
1307 1629 1387 1678 cum
1407 1611 1452 1685 de

253 1740 284 1778 „
298 1700 406 1786 Regia
420 1694 615 1782 majestate,
659 1709 738 1759 uam
758 1693 871 1758 everti
885 1690 936 1757 liis
956 1691 1093 1758 unionis
1104 1692 1207 1758 initiis
1223 1695 1454 1778 providebat,

253 1821 284 1861 n
298 1784 387 1852 sarta
403 1780 493 1878 testa
510 1712 675 1872 ferventia
692 1789 827 1874 tantuin
843 1776 1014 1872 cogituret
1025 1787 1211 1874 ,ceterum
1230 1777 1271 1844 ab
1284 1777 1453 1865 Hispano·

253 1907 284 1946 „
298 1885 377 1936 min
402 1865 636 1939 numanitate,
656 1859 834 1944 superbia,
854 1858 893 1929 ὅτ
921 1875 1087 1938 avaritia,
1109 1859 1153 1926 sic
1176 1861 1267 1928 enim
1289 1863 1453 1945 loqueba-

148 1949 154 1962 '
255 1991 285 2030 „
300 1967 377 2026 tur,
398 1951 556 2016 alienun:
577 1945 633 2010 vir
656 1944 781 2040 alioqui
794 1944 889 2040 omni
908 1942 1054 2012 laude&
1066 1957 1211 2028 propter
1219 1946 1453 2032 integritatem

253 2077 283 2114 „
298 2035 337 2106 dc
351 2033 515 2100 summam
531 2028 750 2115 prudentiam
769 2026 901 2112 dignus.
942 2027 1011 2094 Sed
1026 2045 1106 2094 cum
1122 2027 1157 2092 in
1167 2047 1208 2095 ea
1227 2044 1385 2116 tempora
1398 2033 1455 2098 lii·

257 2157 286 2197 »
301 2117 448 2193 cidiiset,
468 2118 506 2181 in
534 2112 658 2198 quibus
681 2111 765 2208 nihil
779 2111 930 2178 medium
945 2113 1132 2195 putabatur
1146 2113 1237 2179 inter
1262 2115 1383 2198 patriae
1402 2113 1453 2184 sa-

258 2245 287 2282 „
302 2205 432 2277 intem,
452 2214 512 2266 aut
539 2197 745 2272 obedientiae
776 2195 862 2279 Regi
885 2194 1012 2261 debitae
1044 2194 1166 2271 fidem,
1186 2195 1268 2262 haut
1289 2200 1414 2266 mirum
1424 2197 1454 2268 'si

256 2325 286 2366 „
300 2289 379 2365 ille,
400 2285 460 2368 qui
477 2297 532 2350 tot
552 2279 730 2348 beneflciis
747 2276 784 2345 &
799 2279 988 2345 honoribus
1003 2277 1129 2345 virtuti
1141 2277 1208 2346 suae
1223 2279 1365 2358 delatis,
1385 2277 1452 2351 Re·

257 2409 286 2449 „
302 2367 530 2458 gidevinsius
547 2377 639 2438 erat,
657 2365 694 2427 in
710 2361 872 2446 obsequio
889 2361 927 2430 &
949 2361 1038 2440 fide,
1058 2377 1126 2446 qua
1137 2361 1227 2429 salva
1243 2381 1350 2450 remp.
1367 2385 1455 2452 quo·

259 2643 309 2693 ex
335 2586 396 2687 liis·
410 2637 456 2686 co
502 2583 595 2684 citur
619 2615 714 2681 omni
738 2547 1015 2710 doii91310‘uaca're,
1043 2583 1135 2700 quod
1155 2549 1456 2700 i'ogins'cunoiiss

261 2707 412 2777 traditus
433 2702 484 2770 lit.
524 2699 595 2766 Sed
616 2717 660 2766 an
685 2718 706 2764 e
733 2698 895 2764 conclaui
910 2697 1053 2764 Consilii
1075 2714 1179 2783 atque
1196 2715 1240 2766 ex
1253 2699 1324 2784 ipsa
1347 2699 1455 2770 ciria

311 2789 433 2873 'ncipio
456 2785 522 2870 (in
535 2801 603 2866 quii
617 2781 817 2866 conclave)
839 2799 882 2846 an
908 2781 1034 2848 verde
1053 2783 1160 2850 domo
1183 2785 1324 2866 propria
1342 2785 1377 2850 in
1394 2793 1458 2853 cu·

257 2809 664 3030 mmm
676 2865 1459 3034 illiniunt‘insistuntur

354 3001 364 3033 ‚
1440 2987 1457 3003 .

258 3039 424 3114 cellilset,
443 3036 570 3122 pedem
587 3034 692 3102 domo
716 3031 840 3100 efferte
855 3035 959 3117 nequi
988 3034 993 3046 '
1021 3053 1057 3108 e,
1079 3033 1115 3101 dc
1131 3053 1202 3099 non
1212 3035 1349 3102 valuisse
1362 3035 1458 3104 ades-

265 3127 302 3196 se
317 3121 475 3193 Consiliis
492 3117 658 3204 publicis,
679 3117 766 3184 adeo
780 3133 819 3183 ut
835 3115 1225 3194 solemnideliberationi
1238 3118 1457 3203 superliteris

259 3213 313 3279 ud
325 3209 454 3291 Regem
469 3203 648 3269 mittendis
661 3198 898 3268 denecelsaria
913 3201 1010 3286 Reip.
1032 3219 1117 3268 cura
1133 3199 1178 3272 ob
1195 3212 1455 3286 praeproperam

265 3287 518 3364 Gubernatoris
541 3294 709 3362 mortem,
731 3283 840 3351 adesse
855 3303 925 3349 non
941 3285 1114 3370 potuerit,
1126 3277 1260 3369 *easque
1278 3287 1374 3352 domi
1387 3287 1457 3356 suae

255 3375 450 3464 ugnaverit
468 3387 641 3453 tamquam
659 3367 798 3434 Consilii
816 3366 940 3452 praeses
950 3416 961 3450 ,
988 3363 1085 3451 qudd
1106 3369 1176 3432 letio
1195 3389 1229 3432 ac
1247 3367 1373 3434 audibili
1386 3371 1459 3452 affl

270 3481 337 3529 ,cui
350 3458 438 3544 effei,
458 3458 510 3522 uti
524 3453 682 3521 testatum
699 3451 837 3537 reliquii
850 3453 885 3516 in
903 3452 1005 3534 Epist.
1017 3452 1460 3538 emmiuudfloppemm,

266 3564 346 3634 quae
361 3543 443 3610 data
459 3539 508 3606 est
527 3556 580 3620 29.
600 3531 718 3604 Martis
737 3541 831 3619 157&
850 3534 1004 3602 Celsavit
1022 3543 1137 3602 autern
1153 3537 1376 3620 respublicas
1397 3557 1461 3606 cu*-

133 3697 141 3709 ‚
265 3645 367 3706 rare,
400 3625 438 3694 ἃ
460 3624 504 3692 de
519 3623 585 3688 illis
605 3620 650 3687 ad
667 3619 840 3704 Hoppeiiim
859 3611 1027 3697 scribere,
1053 3617 1166 3686 mense
1185 3618 1218 3685 A
1245 3621 1297 3686 rili
1310 3623 1460 3708 ejusdem

262 3711 371 3789 unni,
406 3707 444 3778 ἁ
462 3707 520 3775 die
543 3725 592 3801 ¹.4·
615 3704 827 3787 Septembris
849 3701 1106 3787 subsequentis,
1133 3639 1241 3770 Corui>

264 3799 308 3864 in
326 3793 468 3860 vincula
484 3789 699 3874 rapiebatur.
738 3785 813 3871 Ipse
835 3805 920 3856 vero
938 3789 1038 3874 hujus
1053 3788 1218 3854 tumultus
1238 3789 1356 3858 nullibi
1367 3809 1464 3858 menu

272 3882 408 3948 tionem
430 3875 532 3950 sacit,
558 3871 595 3940 δι
623 3871 711 3936 obiit
737 3889 792 3939 an.
821 3889 916 3955 1577.
930 3875 960 3940 8.
980 3872 1037 3939 die
1053 3872 1173 3938 mensis
1195 3872 1289 3940 Maii.

316 3963 412 4030 Nota
445 3959 494 4027 est
518 3954 701 4024 inundatio
732 3957 834 4020 maris
854 3957 932 4020 anni
950 3973 1044 4038 1570.
1064 3954 1107 4021 de
1127 3975 1193 4040 qua
1214 3955 1342 4022 Borrios
1360 3955 1410 4024 sb.
1432 3974 1465 4040 5.

259 4045 301 4136 f.
324 4051 399 4128 238.
418 4043 538 4109 Pierius
562 4037 747 4121 Winsemi'us
773 4047 807 4104 in
828 4039 940 4105 Chion.
960 4039 1193 4106 vernaculum.
1215 4057 1263 4122 17.
1287 4041 1321 4110 ss
1341 4048 1372 4105 ili
1391 4042 1466 4110 Rei,

272 4130 414 4214 Fuficor.
435 4126 501 4208 bist.
521 4123 572 4192 sib.
592 4143 624 4190 2.
664 4121 769 4206 Apud
790 4122 883 4190 hunc
904 4122 996 4206 legas
1015 4137 1150 4204 quantae
1172 4125 1270 4190 molis
1282 4126 1467 4209 quantique

273 4211 443 4298 impendii
469 4209 602 4287 fuerit,
628 4206 705 4292 post
725 4206 904 4272 diuturnas
924 4219 1115 4292 gravesque
1138 4225 1178 4272 ac
1200 4207 1399 4292 reipiiblicae
1420 4205 1469 4275 ibi

274 4295 437 4368 molestas
451 4295 528 4360 sane
543 4295 643 4370 lites,
663 4307 827 4376 aggerum
847 4291 881 4355 in
904 4290 1006 4357 Frisia
1024 4287 1234 4358 restauratio.
1275 4289 1367 4358 Huic
1410 4285 1471 4360 uid

271 4378 467 4452 contulerit
487 4375 636 4464 Wgsi'us,
656 4375 779 4444 nullibi
797 4373 1091 4526 ipseBagnotavit,
1114 4393 1180 4443 nec
1200 4376 1352 4460 loquitur
1360 4311 1471 4546 [sisio

218 4486 224 4501 ’
453 4503 461 4512 ·
1381 4465 1473 4528 eunus

1226 3705 1320 3771 ilium
1343 3709 1463 3776 Status
1605 3769 1608 3780 ,
