3934 5192
531 552 611 660 148
706 522 932 631 Norrn
974 560 1050 626 sn
1088 528 1336 667 vrrnu
1373 530 1614 637 vienn

535 731 808 810 „codonatum
823 746 880 793 me
897 727 950 793 iri.
993 724 1103 793 Certe
1127 724 1295 791 viaticum
1316 721 1388 809 spei
1411 722 1599 802 satisfecit,
1628 724 1667 794 δι
1688 744 1734 793 ca

534 818 623 894 „de
643 815 743 881 causa
757 814 801 879 de
816 810 908 877 sorte
923 828 967 893 50
983 810 1193 875 florenorum
1205 827 1269 893 per
1281 822 1351 875 tres
1364 826 1472 877 annos
1490 828 1560 875 non
1579 809 1733 876 illubens

536 897 704 983 „aliquid
725 895 907 971 remisero,
926 892 1033 959 modo
1056 910 1128 958 non
1149 892 1290 958 omnino
1312 894 1364 957 uti
1387 891 1519 962 faenore
1533 892 1582 960 sic
1600 893 1637 961 dt
1660 896 1735 959 sor-

457 1016 464 1031 ·
537 1025 562 1061 „
579 999 615 1050 te
641 990 659 1022 ¹*
681 998 724 1063 50
746 997 914 1046 annorum
937 977 1130 1050 carendum
1153 977 1236 1041 milri
1258 975 1307 1042 sit.
1349 975 1441 1043 Nam
1460 996 1502 1045 eo
1521 978 1664 1043 nomine
1685 994 1737 1043 ne
1822 980 1827 992 “

537 1064 750 1144 „tantillum
769 1064 913 1211 lquidem
928 1079 984 1125 me
1000 1076 1099 1127 extra
1114 1058 1273 1137 ordinem
1294 1058 1456 1127 nauenus
1475 1061 1641 1146 accepisse
1660 1080 1736 1127 non

538 1192 565 1227 „
579 1153 727 1235 ignoras.
799 1160 813 1211 t
836 1162 917 1211 cum
940 1145 998 1215 hic
1027 1142 1233 1226 aliquamdiu
1259 1144 1463 1211 vacantibus
1487 1146 1623 1213 caeteris
1648 1164 1736 1229 pro-

538 1274 564 1311 „
596 1230 757 1301 esloribus
776 1247 841 1313 ego
858 1230 896 1296 dc
920 1228 1001 1293 loco
1018 1226 1259 1304 incommodo,
1281 1244 1348 1293 nec
1368 1226 1436 1294 sine
1455 1228 1634 1295 luculento
1652 1246 1737 1295 meo

540 1315 762 1400 „dispendio
792 1309 1037 1379 conservandae
1062 1324 1250 1459 utcumque
1269 1310 1469 1377 Academiae
1496 1310 1621 1379 nostrae
1641 1314 1739 1379 cele-

537 1440 567 1477 .‚,
582 1400 701 1467 britati
717 1396 866 1463 fideliter
880 1394 1132 1479 diligenterque
1153 1394 1188 1458 in
1202 1394 1381 1460 crvierim:
1403 1397 1462 1462 vel
1479 1396 1524 1463 sic
1535 1396 1649 1463 videri
1658 1395 1740 1481 pos-

520 1499 569 1560 ·‚‚
586 1483 659 1550 sum
675 1483 720 1547 ali
744 1479 803 1545 uid
821 1477 886 1545 elle
905 1479 1132 1563 promeritus,
1154 1496 1221 1545 nec
1236 1478 1390 1573 iniquum
1406 1480 1471 1545 elle
1488 1494 1527 1545 ιιι
1545 1478 1590 1546 de
1610 1478 1741 1547 salariis

543 1610 570 1647 „
586 1580 699 1634 morte
718 1501 756 1633 ἓι
773 1560 915 1629 discessu
929 1562 1151 1646 Collegarum
1165 1561 1385 1639 vacantibus,
1407 1562 1491 1629 mihi
1502 1564 1572 1629 diei
1588 1562 1625 1631 δι
1638 1562 1740 1632 aestus

543 1690 569 1727 „
585 1649 723 1736 pondus
743 1646 806 1712 soli
825 1647 959 1711 interea
977 1644 1132 1729 portanti
1149 1646 1319 1711 tantulum
1335 1646 1417 1713 beni
1464 1665 1484 1713 e
1506 1646 1672 1731 Princeps
1692 1662 1739 1714 ex

545 1750 725 1809 „camera
749 1727 951 1795 solvendum
970 1742 1109 1795 annuat.
1150 1728 1258 1811 Quod
1283 1746 1369 1799 vero
1451 1744 1586 1815 tempus
1608 1748 1741 1797 renun-

545 1816 722 1893 „ciandae
741 1813 952 1903 conditionis
971 1814 1184 1896 pertineret,
1206 1814 1340 1879 interea
1359 1814 1441 1879 dum
1462 1814 1507 1880 de
1521 1814 1628 1881 certis
1641 1816 1741 1883 annis

546 1940 573 1975 ‚‚
590 1917 729 1967 mecum
747 1909 961 1965 conventum
981 1912 1052 1961 non
1074 1896 1158 1972 erit,
1191 1895 1228 1961 id
1245 1912 1316 1962 non
1336 1896 1384 1961 est
1401 1914 1465 1962 cur
1487 1916 1507 1963 a
1523 1916 1580 1963 me
1597 1898 1741 1983 rigidius
1772 1952 1776 1961 .

545 2025 572 2065 „
588 1986 646 2051 exi
690 1999 772 2057 tur,
800 1996 906 2063 quum
926 1974 1064 2059 caeteris
1084 1978 1153 2045 sine
1171 1978 1284 2062 aliqua
1301 1980 1468 2129 temporis
1492 1980 1741 2065 praefinitione,

548 2108 574 2147 „
590 2067 635 2133 ha
668 2084 752 2133 enus
765 2061 904 2147 quando
927 2062 1028 2129 libuit
1046 2056 1241 2139 discedere,
1261 2080 1332 2129 non
1355 2080 1378 2128 o
1402 2062 1569 2133 stantibus
1589 2064 1742 2145 statutis,

548 2194 575 2229 „
591 2154 734 2235 impune
750 2146 825 2215 fere
841 2145 879 2213 dr
900 2145 1050 2212 liberum
1065 2144 1182 2211 fuerit.
1221 2144 1292 2213 Sed
1312 2146 1605 2215 tamennolirn'ne
1618 2150 1655 2214 in
1672 2150 1744 2217 hoc

548 2233 730 2319 „quidem
758 2232 906 2314 aliquam
928 2248 1040 2296 meam
1057 2230 1093 2293 in
1114 2227 1269 2295 futurum
1290 2231 1430 2313 culpam
1448 2232 1555 2317 argui.
1595 2232 1640 2299 Et
1660 2232 1743 2305 ideo

546 2359 575 2397 „
591 2316 650 2383 nisi
666 2316 711 2387 de
731 2317 828 2381 annis
843 2314 947 2379 certis
962 2326 1177 2381 conventum
1191 2312 1317 2387 fuerit,
1347 2313 1390 2379 ad
1416 2314 1584 2383 trimestre
1603 2327 1741 2383 tantum

549 2442 575 2479 ,‚
592 2400 736 2497 spatium
754 2397 899 2547 obligari
914 2398 1038 2473 velim,
1060 2412 1140 2463 cum
1156 2392 1193 2461 &
1210 2395 1336 2463 eodem
1351 2397 1451 2481 pasto
1466 2397 1590 2465 solutio
1605 2400 1645 2467 fit
1661 2418 1745 2483 par·

547 2520 575 2560 ,‚
592 2500 668 2551 uta.
707 2482 792 2549 Non
836 2479 935 2547 esunt
956 2494 1073 2546 autem
1098 2478 1182 2544 mihi
1203 2480 1280 2545 aliae
1294 2480 1482 2565 profitendi
1504 2482 1746 2567 conditiones,
1795 2562 1799 2567 ,

549 2604 576 2642 ,,
592 2565 630 2635 &
648 2565 788 2649 quidem
807 2565 844 2629 in
864 2563 1068 2629 orthodoxis
1082 2561 1298 2641 Academiis,
1319 2563 1361 2629 ad
1386 2582 1469 2649 quas
1488 2566 1618 2651 madore
1639 2567 1748 2634 etiam

549 2688 576 2725 ,‚
592 2650 776 2715 honorario
791 2647 940 2721 invitor,
959 2646 1019 2713 ubi
1031 2644 1069 2713 δι
1085 2646 1140 2713 r'ei
1151 2648 1383 2731 patrimoniali
1396 2649 1612 2717 commodius
1629 2651 1748 2717 inten-

549 2770 577 2807 ‚‚
593 2731 731 2809 dere&
744 2746 928 2815 parentum
945 2730 1058 2797 adhuc
1072 2728 1288 2813 superstitum
1301 2730 1474 2799 desideriis
1493 2734 1630 2819 plenius
1651 2732 1750 2801 satis·

549 2854 576 2891 ,‚
593 2816 710 2882 facere
722 2833 860 2897 queam:
884 2830 929 2879 ne
947 2814 1012 2879 alia
1030 2830 1301 2880 commemorem
1318 2832 1395 2897 quae
1414 2834 1481 2900 ego
1488 2818 1748 2884 ‘obliterarum

552 2936 578 2973 „
595 2896 748 2965 a'morem
769 2901 806 2966 de
826 2914 928 2980 quam
941 2897 1025 2961 mihi
1047 2895 1132 2963 duxi
1151 2914 1305 2963 uxorem·
1317 2898 1558 2984 philologiam,
1579 2900 1749 2969 hactenus

551 3020 578 3055 „
594 2981 718 3065 sprevi.
759 2980 828 3047 Sed
847 2980 972 3063 partim
992 2992 1032 3044 ut
1047 2979 1197 3045 levitatis
1212 2994 1331 3047 notam
1345 2983 1491 3061 evitem,
1510 2984 1639 3069 partim
1657 3002 1751 3054 vero

553 3105 579 3139 „
594 3064 689 3149 quod
706 3065 788 3129 huic
805 3066 876 3149 jam
893 3064 1024 3129 nationi
1039 3060 1189 3139 assuevi,
1215 3064 1250 3128 in
1266 3082 1333 3147 qua
1353 3064 1390 3133 dc
1412 3066 1610 3151 Principem
1625 3068 1747 3140 habeo

553 3187 579 3221 ,ι
596 3149 827 3225 clementem,
849 3144 886 3214 &
902 3161 937 3213 te
951 3158 1137 3231 patronum
1148 3146 1486 3226 valdebenevolum‚
1506 3150 1626 3217 adhaec
1640 3152 1750 3217 etiam

544 3269 578 3306 Δ,,
596 3233 641 3298 ob
656 3232 857 3315 liggeromm
874 3230 1052 3304 viciniam,
1067 3231 1133 3314 qui
1145 3249 1201 3296 me
1216 3228 1349 3317 semper
1366 3230 1616 3301 familiariffime
1634 3232 1752 3300 urstis-

553 3353 579 3389 „
596 3316 744 3397 sitneque
763 3316 842 3381 sunt
865 3315 1066 3397 complexi,
1095 3314 1177 3380 hinc
1194 3329 1292 3381 certe
1313 3334 1384 3395 non
1402 3318 1588 3386 illubenter
1607 3318 1645 3383 in
1670 3336 1752 3385 eam

553 3398 771 3473 „descendo
791 3396 1014 3473 sententiam,
1035 3412 1074 3464 ut
1096 3397 1153 3463 hic
1176 3397 1309 3485 longius
1327 3400 1568 3483 perseverem,
1595 3401 1619 3466 st
1639 3401 1751 3471 modo

554 3520 579 3557 n
598 3482 635 3551 δι
652 3482 828 3568 dignitatis
844 3482 927 3545 mihi
945 3482 1055 3558 ratio,
1077 3482 1129 3549 uti
1148 3480 1247 3565 supra
1266 3482 1426 3567 exposui,
1447 3484 1603 3552 constare
1623 3500 1751 3568 queat,

555 3604 581 3639 2,
599 3564 635 3633 δι
650 3565 743 3649 quod
765 3564 845 3632 alibi
860 3564 997 3648 prolixe
1019 3562 1182 3642 offertur,
1203 3564 1239 3631 id
1259 3566 1317 3632 hic
1334 3568 1449 3651 aliquo
1489 3569 1563 3637 asso
1581 3586 1754 3653 compen·

554 3686 581 3723 ‚,
600 3647 702 3717 seror.
743 3648 817 3733 lpse
838 3662 952 3713 autem
976 3645 1056 3714 satis
1077 3646 1316 3716 animadverto
1332 3670 1375 3718 au
1399 3670 1442 3717 en
1471 3654 1477 3667 '
1500 3650 1611 3719 salarii
1630 3668 1754 3733 exem·

556 3733 695 3816 „plum
711 3748 781 3797 non
797 3745 928 3797 temere
946 3731 982 3794 in
995 3729 1185 3798 Academia
1202 3670 1452 3803 admittenffum
1473 3731 1554 3813 elle,
1577 3754 1646 3803 nec
1666 3754 1754 3811 aera·

556 3854 582 3890 „
600 3818 686 3881 rium
702 3814 802 3899 iplius
817 3814 852 3879 id
869 3812 950 3879 satis
960 3812 1094 3899 semper
1112 3816 1213 3882 serre.
1256 3816 1325 3886 Sed
1343 3818 1456 3885 rursus
1473 3820 1552 3887 etim
1568 3838 1755 3904 compere-

555 3901 665 3974 „rim
688 3898 732 3965 de
752 3898 1000 3981 quinquaginta
1022 3902 1142 3965 annuis
1164 3899 1318 3985 (florenis)
1342 3903 1505 3971 haelenus
1527 3904 1667 3970 inanem
1694 3920 1752 3969 me

556 4021 583 4056 ,‚
638 3980 838 4056 emaluiffe,
856 3982 1145 4050 intereavero&
1161 3984 1373 4069 migrationis
1394 4006 1449 4055 me
1470 3988 1623 4053 molestia
1639 3984 1754 4054 offen·
1797 4052 1801 4067 k

556 4104 584 4140 „
625 4080 677 4144 at3
700 4084 770 4131 non
788 4067 854 4131 alio
870 4064 972 4131 titulo
985 4064 1079 4147 posse
1092 4064 1224 4133 credidi
1237 4066 1360 4135 rectius
1374 4070 1589 4155 Principem,
1610 4068 1754 4137 &suam

515 4170 519 4183 ·
557 4186 583 4223 „
600 4148 683 4212 mihi
701 4149 770 4215 fine
790 4150 940 4232 exempli
963 4149 1165 4233 praejudicio
1189 4150 1409 4219 clementiam
1435 4156 1616 4231 exhibere,
1639 4152 1677 4221 ἃ
1698 4173 1756 4222 me
1826 4222 1832 4237 ,

558 4271 583 4307 ,,
599 4232 716 4316 magis·
730 4246 769 4299 ut
794 4234 866 4299 illic
891 4232 1105 4299 domicilium
1128 4232 1335 4302 constituam
1362 4238 1507 4317 induci,
1538 4238 1687 4323 quamsi
1709 4237 1755 4304 ad

558 4314 741 4390 „domum
762 4315 1028 4399 comparandam
1048 4318 1201 4399 pretium
1216 4320 1299 4383 mihi
1317 4318 1479 4391 donetur.
1520 4322 1580 4389 Sic
1600 4323 1694 4389 enim
1715 4318 1753 4389 δι

558 4438 584 4474 2,
600 4399 637 4469 iu
654 4399 800 4489 singulos
814 4400 1143 4493 centenoslloseuos
1162 4403 1222 4491 qui
1238 4404 1276 4481 iu
1293 4422 1374 4487 euru
1390 4407 1476 4494 miri
1490 4404 1587 4481 usuro
1600 4406 1755 4473 tribuco

544 4540 560 4562 v·
1080 4542 1085 4551 ·
1132 4539 1139 4551 ·
1634 4526 1659 4568 2,
1676 4502 1754 4567 tur,
