3934 5192
424 509 828 610 INDULTUM
853 511 947 606 PII
974 511 1022 604 Ρ.
1052 509 1096 604 Ρ.
1128 517 1218 615 lV.
1361 547 1445 637 247

91 756 94 776 ,
218 705 320 784 talia
339 703 476 784 fuerint
491 709 590 814 quoti
606 710 643 780 in
663 708 818 804 generali
838 705 1081 804 appellatione¹
1092 706 1268 782 bonorum
1289 707 1348 784 seu
1364 709 1443 808 sup·

219 802 460 900 peleciilium
476 828 547 878 non
563 827 727 892 ventum,
752 827 795 878 ac
812 799 1019 896 specialibus
1032 801 1212 900 indigeant
1235 805 1441 896 vocabulis,

218 922 304 995 pro
331 904 445 996 plene
468 898 733 976 &sufficienter
759 899 919 993 exprelsri
937 897 1125 985 habentes,
1153 901 1267 974 testari
1288 903 1324 976 &
1342 906 1439 978 cudi·

220 998 377 1080 cillari,
402 1019 445 1069 ac
463 992 566 1092 super
582 997 637 1067 his
654 996 894 1069 testamentum
914 995 1206 1086 nuncupativum,
1226 995 1285 1070 seu
1302 1001 1338 1070 in
1354 995 1437 1072 scri-

214 1091 302 1188 ptis
319 1094 431 1165 etiam
446 1115 565 1166 coram
583 1089 738 1165 Notario
757 1091 795 1166 &
809 1090 948 1166 duobus
964 1088 1023 1162 seu
1035 1089 1146 1166 tribua
1156 1091 1318 1178 testibus,
1329 1117 1437 1188 quan-

216 1189 442 1281 documque
460 1190 499 1263 &
523 1185 806 1284 quotiescumque
829 1187 1006 1269 volueris,
1030 1185 1205 1276 condere,
1228 1183 1285 1262 seu
1311 1189 1354 1261 de
1369 1193 1438 1266 eia·

217 1281 315 1355 dem
346 1285 451 1358 bonit
477 1302 549 1356 tam
574 1282 769 1358 donationis
790 1284 882 1358 inter
903 1284 1030 1366 vivos,
1054 1281 1159 1376 quim
1173 1281 1273 1356 causa
1289 1289 1433 1374 mortis,

85 1394 87 1447 l
219 1381 346 1454 etiam
362 1402 445 1453 cum
466 1381 593 1454 eudem
609 1379 745 1454 testium
768 1401 912 1454 numero
921 1427 933 1464 ,
955 1378 1059 1450 etiam
1079 1378 1117 1450 in
1139 1377 1280 1473 quosvis
1296 1383 1374 1478 pior
1392 1382 1435 1460 δι

218 1497 306 1549 non
366 1478 418 1548 ior
439 1498 484 1585 ac
510 1475 710 1570 prohibitor
736 1473 832 1559 nsua,
857 1473 896 1550 δι
911 1476 1002 1546 inter
1017 1470 1247 1569 quascumque
1266 1475 1431 1572 personas

85 1598 87 1639 τ
219 1568 306 1648 sive
358 1593 397 1644 nt
415 1591 488 1644 nan
506 1571 578 1656 tui,
601 1567 674 1645 snae
693 1593 738 1644 co
871 1570 962 1652 inei,
987 1589 1048 1640 aut
1058 1565 1198 1654 affines,
1223 1569 1431 1666 familiares,

85 1690 86 1693 ’
218 1665 449 1751 fewitores,
474 1667 512 1737 (it
527 1657 698 1750 extranei,
723 1666 915 1762 illegitimi,
940 1663 978 1738 &
990 1667 1074 1738 alias
1095 1665 1261 1740 inhabiles
1279 1669 1317 1744 δι
1335 1673 1430 1746 inca·

83 1785 85 1859 j
217 1784 365 1860 pacet,
389 1761 572 1858 disponere
597 1758 635 1834 ἃ
658 1761 819 1836 ordinare
841 1779 883 1834 ac
906 1761 990 1834 alias
1011 1783 1051 1834 ea
1071 1782 1139 1854 pro
1156 1761 1258 1836 libito
1277 1787 1347 1838 tuae
1366 1790 1429 1840 νο-

83 1926 85 1942 ,
220 1861 381 1934 luntatis
396 1860 613 1952 relinquere,
637 1859 790 1944 donare,
813 1853 854 1928 ἅ
872 1879 1037 1952 erogare,
1060 1854 1227 1931 libere&
1251 1861 1346 1935 licite
1369 1887 1429 1938 va·

218 1956 326 2042 leae,
349 1955 541 2050 apostolica
563 1953 771 2027 authoritate
793 1949 1014 2063 presentium
1036 1957 1057 2004 ⁸*
1081 1950 1279 2032 facultatem
1304 1981 1429 2036 conce·
1457 1983 1474 2022 a
1486 1979 1600 2061 supp„

83 2112 84 2121 ,
220 2049 351 2126 dimus
367 2051 405 2124 &
423 2051 663 2144 indulgemus,
687 2045 926 2143 praemrlsaque
947 2049 1064 2122 omnia
1081 2048 1120 2123 &
1136 2045 1268 2146 ungula
1287 2052 1325 2128 &
1344 2055 1429 2130 iude
1458 2072 1559 2124 tenere

85 2163 86 2171 ’
223 2147 396 2222 secutura
418 2167 672 2241 quacumque,
697 2146 812 2220 valida
837 2145 874 2219 δι
905 2143 1059 2220 efficacia
1085 2142 1190 2232 fure,
1223 2145 1340 2245 fitque
1363 2173 1428 2245 per
1693 2155 1700 2168 '

82 2308 84 2355 ἔ
223 2242 476 2410 ςυοΐωωὲυε
489 2239 625 2350 judices
642 2236 682 2314 a
702 2239 969 2352 commissarios,
986 2242 1108 2350 quavis
1124 2243 1333 2356 authoritate
1350 2247 1428 2357 fnnj

257 2361 380 2428 entes,
423 2338 541 2413 obluta
562 2359 612 2410 err
627 2333 665 2410 ἃ
678 2358 800 2410 eorum
818 2335 964 2411 cuthbet
979 2357 1103 2430 quavis
1128 2337 1230 2410 aliter
1263 2343 1427 2416 udicandi

291 2433 547 2546 interpretandi
561 2429 730 2508 facultate
750 2433 789 2508 δι
807 2433 1041 2518 authoritate,
1061 2430 1210 2529 judicati
1291 2436 1427 2512 definiri

82 2596 89 2629 y.
227 2531 395 2620 debere,
408 2533 543 2606 irritum
558 2553 701 2627 quoque
723 2529 762 2606 &
777 2530 899 2614 inane,
922 2526 952 2602 st'
967 2525 1064 2604 secut
1081 2525 1185 2624 super
1205 2531 1272 2629 hyr
1299 2557 1319 2608 a
1340 2557 1427 2628 quo·

225 2652 362 2724 quam,
385 2630 509 2723 quavis
523 2629 754 2716 authoritate,
777 2622 924 2700 scienter
942 2627 999 2700 vel
1023 2626 1247 2718 ignoranter,
1270 2633 1427 2724 contige·
1507 2687 1513 2696 t

226 2727 280 2800 rit
297 2725 482 2808 attentari,
505 2723 734 2796 decernimus.
781 2721 963 2814 Quocirca
978 2720 1114 2796 dileelis
1137 2719 1214 2795 filiis
1235 2721 1425 2820 Praeposito

227 2817 392 2898 ecclesiae
408 2817 642 2894 Atrebateuss
660 2815 698 2892 tit
721 2814 979 2892 Cameracerrfis
993 2839 1035 2890 ac
1050 2816 1280 2894 Tornacenfiu
1298 2821 1426 2900 officia-
1453 2885 1466 2910 .

225 2919 325 3014 libna
344 2935 408 3013 per
421 2911 614 3012 apostolica
629 2912 758 3009 scripta
771 2911 974 2986 mandamus
983 2963 995 2999 ,
1012 2933 1179 3008 quatenus
1195 2913 1258 3010 ipsr
1275 2923 1333 2991 vel
1353 2921 1425 2996 duo

226 3022 291 3090 aut
310 3034 402 3085 unus
420 3034 564 3096 eorum,
587 3007 701 3105 perse
717 3011 778 3082 vel
792 3007 987 3093 alium,seu
1002 3011 1109 3094 alios,
1124 3011 1189 3084 ribi
1209 3011 1246 3082 ἃ
1262 3036 1439 3090 executo.

228 3111 331 3186 ribus
348 3131 370 3181 a
386 3129 424 3180 te
449 3107 550 3205 super
575 3105 748 3202 praemissra
772 3106 964 3199 deputatis,
990 3103 1124 3200 tuisque
1148 3105 1441 3206 haereditaten,

228 3205 410 3302 legatariis
437 3205 475 3278 &
502 3203 689 3277 donatariis
707 3199 922 3296 hujusmodi,
945 3224 987 3274 ac
1014 3203 1139 3298 quibua
1162 3201 1255 3274 bona
1279 3205 1353 3299 ipsa
1374 3211 1423 3281 le-

230 3324 316 3398 gata
337 3303 397 3374 vel
420 3297 541 3374 reliiia
565 3295 725 3383 fuerint,
768 3299 805 3370 in
835 3295 1011 3390 praemiliir
1041 3295 1186 3371 efficacis
1217 3295 1420 3377 defensionis

227 3396 394 3497 praesidio
429 3395 641 3506 aiiiiientet,
690 3389 947 3503 prasentesot
984 3393 1021 3464 in
1056 3395 1105 3466 eis
1138 3411 1301 3502 contenta
1327 3421 1421 3495 quae-

227 3492 560 3682 illll‘tllhl
575 3488 1420 3693 ‚lillln‘l‘illlalnq”fllllllllll

180 3740 186 3748 .
227 3704 303 3762 nte
328 3683 475 3768 nostra,
506 3680 669 3758 facultate
688 3675 876 3777 praedrsia,
900 3682 1009 3754 libere
1035 3681 1107 3761 uti,
1133 3681 1169 3754 ἅ
1194 3685 1229 3754 in
1258 3686 1306 3756 eis
1336 3711 1419 3762 con-

227 3803 328 3856 teuta
352 3802 617 3876 quaecumque,
660 3777 803 3851 firmiter
825 3773 1013 3852 observari.
1062 3775 1149 3850 Non
1177 3779 1418 3872 permittentes

121 3949 128 3962 ,
229 3896 290 3964 te,
314 3875 353 3952 δι
368 3875 525 3950 haeredee
543 3898 584 3947 ac
601 3875 688 3948 alios
704 3870 912 3968 praedislos,
937 3870 997 3946 seu
1016 3891 1136 3945 eurum
1161 3875 1333 3969 aliquem,
1359 3882 1418 3954 de-

229 3973 334 4070 super
352 3995 417 4069 per
438 3967 673 4066 quoscumque
696 3989 820 4042 contra
841 3966 1063 4063 praesentium
1091 3987 1247 4042 tenorem
1273 3995 1418 4068 quomo-

83 4154 85 4161 ,
229 4070 367 4145 delibet
386 4066 540 4140 indebite
559 4066 737 4140 molestari.
784 4061 1074 4137 Contradistores
1101 4065 1276 4160 quoslibet
1304 4068 1341 4138 ἃ
1365 4096 1419 4145 η.

229 4167 338 4242 bellet
352 4185 417 4261 per
433 4161 592 4238 censuras
610 4163 648 4238 δι
660 4181 779 4258 poenas
801 4157 1063 4242 ecclesiasticas,
1075 4164 1309 4257 appellatione
1325 4165 1418 4259 post.

227 4261 362 4359 posta,
386 4257 653 4354 compescendo.
702 4255 789 4330 Non
815 4256 1031 4332 obstantibus
1058 4257 1419 4341 constitutionibus&

227 4357 511 4436 ordinationibut
539 4353 766 4453 apostolicis,
799 4374 844 4429 ac
871 4354 997 4428 litteris
1023 4349 1147 4430 felicis
1169 4357 1419 4526 recordgtionis
1547 4427 1551 4435 .

103 4472 114 4486 ‘
1323 4475 1432 4532 tax·
