3934 5192
307 515 515 628 onena
542 515 743 616 runos.
771 515 998 619 oscum
1026 513 1306 617 neuneu.
1347 539 1431 646 289
1461 588 1467 596 .
1535 560 1539 572 ·

80 670 84 741 i
194 717 269 888 {tis
286 715 515 886 {doneisque
533 712 573 786 in
588 711 790 812 regionibns
796 713 922 827 nostris
932 716 1108 814 negotiari
1121 713 1162 792 se
1173 713 1269 813 poll'e
1283 737 1433 814 praeten·

80 828 81 845 ¹
231 837 290 889 en
312 836 365 888 es.
498 865 502 873 ·

259 907 349 982 VI.
375 907 513 986 Contra
529 930 621 983 vero
635 905 724 984 Dux
736 907 834 982 hunc
847 907 1118 986 contributionis
1140 911 1284 986 modum
1299 911 1433 1008 justisi-

201 1029 327 1082 mnm
346 1002 415 1080 effe
434 1005 640 1091 contendit,
664 1027 744 1079 cum
760 1005 923 1078 venditor
944 1008 1113 1080 Decimum
1138 1011 1319 1084 Duratium
1333 1011 1433 1084 Priu-

197 1104 297 1199 cipi
315 1104 502 1186 exolvens,
525 1123 653 1174 novem
674 1102 835 1174 denarios
904 1124 928 1174 ο
954 1101 989 1176 se
1013 1107 1180 1192 retincat,
1207 1101 1244 1174 dt
1261 1127 1330 1177 una
1348 1103 1432 1180 Pro-

203 1199 346 1276 vincia
373 1200 442 1272 hac
465 1200 603 1308 ratione
625 1219 698 1270 non
728 1197 811 1291 plus
839 1197 909 1270 aii
932 1198 1158 1292 gravabitur,
1183 1198 1367 1297 Statusque
1388 1223 1430 1277 ac

203 1297 390 1374 civitates
405 1297 484 1367 aeris
500 1295 605 1369 aliem
619 1293 852 1368 contrahendi
867 1294 1061 1370 necestitate
1075 1295 1433 1381 liberabuntur,cirm

202 1388 397 1491 prompte
418 1390 507 1464 illud
527 1414 548 1462 a
566 1387 810 1464 venditoribus
834 1391 1018 1482 exigetur,
1043 1413 1146 1466 neco
1174 1414 1214 1466 ns
1229 1387 1336 1468 fuerit
1352 1395 1429 1468 red·
1471 1381 1478 1398 ⁸

204 1491 366 1564 dituum
389 1487 625 1573 venditione,
654 1505 716 1561 aut
738 1485 766 1556 F
769 1485 985 1560 inanciarum
1010 1415 1176 1571 dammis
1213 1491 1402 1577 contratiu
1412 1539 1425 1575 ‚
1512 1485 1521 1490 ’

209 1583 297 1662 sese
318 1583 464 1683 posthac
480 1581 661 1676 obligare3
681 1601 919 1678 poteruntque
945 1583 1099 1672 interea,
1125 1587 1211 1658 dum
1237 1606 1280 1658 err
1301 1585 1435 1684 Desino
1613 1640 1617 1651 .

94 1770 98 1781 Ι
208 1683 369 1758 Denaris
401 1675 674 1772 satiscolligetur
694 1675 792 1774 quod
807 1675 1061 1752 uccellitatibus
1086 1679 1239 1775 publicis
1265 1678 1429 1766 sufficiet,
1494 1687 1497 1694 '

98 1787 103 1798 '
205 1781 291 1856 alia
321 1775 456 1862 media,
481 1772 647 1849 videlicet
673 1777 744 1866 (r)
770 1771 972 1870 florerem,
995 1771 1211 1870 Trorrsporrn,
1238 1775 1428 1869 Vrrporrdr'n-

208 1878 309 1973 gben
331 1875 369 1950 δι
384 1865 521 1970 Afflctrr
537 1869 691 1964 Capitalrr
717 1872 734 1966 (
758 1871 814 1943 uti
828 1871 866 1944 in
881 1851 930 1944 lm
955 1871 1023 1944 ulis
1038 1869 1237 1948 Provinciis
1255 1870 1429 1948 conficere

210 1971 413 2070 pecuniam
431 1966 598 2078 babisone
625 1963 827 2078 consuetum
848 1895 964 2061 fuiti
982 1969 1003 2007 '
1027 1965 1067 2040 in
1088 1967 1329 2061 redemptione
1348 1970 1424 2042 red·
1472 1981 1599 2064 *tegern

212 2070 365 2144 dituum
377 2117 391 2154 ,
425 2063 526 2138 uibus
541 2059 718 2159 plussatrs
732 2085 942 2157 gravantur,
965 2084 1193 2152 convertere;
1216 2059 1350 2159 Regem
1363 2087 1423 2154 ve·
1450 2059 1529 2120 dnm:
1552 2069 1587 2124 is

147 2199 152 2225 ·
212 2169 263 2242 τὸ
295 2163 367 2238 line
396 2089 580 2235 iirfficieuti
600 2158 861 2269 contributione
880 2181 953 2233 non
983 2159 1114 2237 habere
1179 2161 1226 2232 od
1253 2160 1421 2245 militibus
1449 2145 1559 2236 ΨΜ·

215 2260 370 2347 solvat,
394 2281 462 2332 nec
494 2275 567 2350 quo
592 2251 813 2330 Provinciam
840 2253 1018 2330 defendat.
1068 2257 1130 2330 Cae
1167 2278 1239 2332 rem
1278 2279 1421 2351 quoque
1447 2233 1578 2354 ῗωὲξῗ

214 2357 399 2436 Carolum
432 2349 597 2450 gloriosae
619 2351 820 2441 memoriae,
840 2347 933 2449 saepe
956 2351 990 2424 ei
1018 2355 1176 2446 questum
1198 2353 1241 2426 de
1259 2349 1420 2426 Statuuo'r
1445 2374 1517 2432 rrum
1540 2373 1590 2438 trs.

216 2457 333 2552 hujus
359 2447 560 2526 Provinciae
581 2446 800 2524 difficultate.
844 2446 971 2522 Amitti
1020 2450 1127 2546 uippe
1169 2443 1282 2522 isthoc
1316 2443 1420 2544 patto
1446 2464 1474 2520 ⁵·
1494 2467 1555 2530 lat·

215 2548 473 2635 autoritatem,
507 2547 593 2620 dnm
612 2543 785 2641 Princeps
800 2567 822 2618 a
839 2472 1068 2654 subditisiuie
1079 2545 1212 2620 auxilia
1228 2545 1421 2638 redimere,
1445 2533 1603 2626 ²0‚4·P'¹'''·

218 2649 266 2724 δι
284 2648 330 2720 ad
346 2639 594 2720 concellionem
613 2641 909 2716 exhorbitantrum
927 2635 1201 2737 Ptiv1lcgiorum
1216 2639 1423 2716 condescen·
1449 2609 1516 2672 “¹¹“

218 2747 312 2820 dere
333 2739 480 2814 subinde
505 2737 646 2833 cogitur
653 2787 673 2824 ,.
698 2733 724 2810 fi
749 2734 880 2831 aliquid
902 2733 1089 2831 impetrare
1116 2737 1222 2812 velie
1264 2735 1321 2822 Ad
1346 2739 1424 2816 baec

219 2837 423 2934 sumptibus
450 2855 544 2910 nunc
568 2833 759 2929 majoribus
785 2854 875 2930 opus
891 2829 976 2915 erre,
1003 2854 1151 2931 propter
1164 2855 1336 2908 novorum
1353 2827 1425 2910 for-

218 2936 457 3022 tallitiomnn,
473 2931 702 3029 quibusopus
717 2930 809 3016 erit,
829 2929 1105 3017 extructionem,
1132 2930 1427 3024 &patrimonium

221 3030 302 3108 five
316 3027 516 3105 domanium
532 3021 709 3124 Principis
741 3023 995 3119 confumptum
1038 3025 1308 3120 Quam-obrem
1332 3049 1426 3121 opus

220 3125 297 3203 cil'e
329 3124 588 3204 contributione
611 3125 730 3220 aliqua
752 3121 921 3207 durabili,
946 3145 991 3194 ne
1018 3143 1165 3216 cogatur
1190 3117 1269 3194 Rex
1294 3119 1433 3219 semper·
1463 3134 1469 3149 “

220 3224 288 3300 reu
305 3219 430 3319 saepius
448 3223 491 3296 ad
509 3217 671 3293 Statunm
688 3221 815 3294 auxilia
829 3240 1023 3294 recurrere.
1074 3215 1162 3291 Hoc
1180 3219 1286 3301 etiarn
1307 3220 1425 3293 medio

82 3401 85 3406 ,
220 3319 401 3414 sublevari
434 3316 527 3394 'ebat
542 3311 704 3389 rusticam
724 3314 893 3410 plebem,
912 3335 981 3384 uec
996 3309 1143 3384 multirm
1164 3312 1304 3406 gravari
1313 3317 1425 3392 eccle·

221 3413 381 3492 fiasticos
470 3411 629 3498 nobiles,
660 3429 703 3486 ac
724 3411 770 3482 ad
793 3427 1028 3492 mercatores,
1052 3405 1268 3502 opificesque
1293 3407 1425 3502 potiffi·

220 3535 323 3589 mum
345 3511 471 3586 Decimi
493 3506 627 3584 Denarir'
657 3501 874 3580 erminonem
895 3503 1102 3600 pertineret
1118 3501 1375 3600 polliceturque
1390 3501 1431 3578 se·

222 3609 443 3684 abolitorum
466 3597 704 3700 impolitiores
729 3601 842 3677 multd
859 3601 1041 3770 ffiaviores
1061 3597 1166 3694 super
1181 3621 1330 3695 quatuor
1350 3597 1426 3696 spe·

222 3703 370 3790 ciebus,
393 3699 525 3774 scilicet
547 3695 751 3787 frumentis,
775 3700 871 3770 carni
897 3719 959 3783 us,
982 3696 1067 3770 vino
1084 3693 1122 3768 dt
1141 3691 1316 3770 cerevisrd.
1365 3695 1430 3770 Ad

224 3819 345 3973 rit
356 3787 1431 3991 nimiminffld'nisr‘srlti

223 3990 512 4070 venientillimum
532 3988 665 4078 videri,
689 3986 795 4082 idque
808 3987 846 4062 in
861 3985 1037 4081 Hispania
1055 4007 1097 4060 ae
1114 3985 1290 4080 plerisque
1307 3975 1431 4062 anis'm

226 4087 430 4202 regionibus
453 4081 598 4170 uitari,
616 4081 691 4158 fine
715 4085 833 4179 aliqua
856 4085 1071 4180 populorum
1085 4079 1318 4176 qucrimonia,
1343 4079 1432 4157 alle·

153 4211 166 4242 ν
227 4203 311 4258 ruit.
359 4181 419 4278 Jns
434 4205 551 4260 autem
567 4183 639 4258 hoc
656 4179 848 4256 nonnullos
868 4177 921 4254 ibi
938 4177 1116 4254 redimere
1124 4173 1355 4264 consueville,
1374 4200 1433 4252 ac

224 4279 479 4376 redemptionis
501 4279 662 4378 precium
689 4274 820 4354 deinde
845 4273 962 4352 rursus
977 4273 1143 4351 civitates·
1159 4271 1264 4371 super
1288 4273 1432 4348 illarum

222 4375 425 4483 specierum
441 4377 730 4472 venditionibus,
753 4394 837 4549 quoae
860 4375 976 4456 minus
998 4371 1302 4481 gravespopulo
1325 4389 1431 4462 repe*

445 4490 449 4498 ’
716 4565 722 4578 ,
832 4489 903 4567 03
1271 4483 1437 4552 auarus,
